
@inproceedings{ramirez-amaro_automatic_2014,
	title = {Automatic segmentation and recognition of human activities from observation based on semantic reasoning},
	url = {http://ieeexplore.ieee.org/xpls/abs_all.jsp?arnumber=6943279},
	urldate = {2014-11-25},
	booktitle = {Intelligent {Robots} and {Systems} ({IROS} 2014), 2014 {IEEE}/{RSJ} {International} {Conference} on},
	publisher = {IEEE},
	author = {Ramirez-Amaro, Karinne and Beetz, Michael and Cheng, Gordon},
	year = {2014},
	pages = {5043--5048},
	file = {14_iros_sem-RamirezK.pdf:/home/antoine/.zotero/zotero/ns6tl2ih.default/zotero/storage/AXXW3FBI/14_iros_sem-RamirezK.pdf:application/pdf}
}

@misc{_lattice_2014,
	title = {Lattice (order)},
	copyright = {Creative Commons Attribution-ShareAlike License},
	url = {https://en.wikipedia.org/w/index.php?title=Lattice_(order)&oldid=625502074},
	abstract = {In mathematics, a lattice is a partially ordered set in which every two elements have a supremum (also called a least upper bound or join) and an infimum (also called a greatest lower bound or meet). An example is given by the natural numbers, partially ordered by divisibility, for which the supremum is the least common multiple and the infimum is the greatest common divisor.},
	language = {en},
	urldate = {2014-10-17},
	journal = {Wikipedia, the free encyclopedia},
	month = oct,
	year = {2014},
	note = {Page Version ID: 625502074},
	file = {Snapshot:/home/antoine/.zotero/zotero/ns6tl2ih.default/zotero/storage/7CVBAKDF/index.html:text/html}
}

@inproceedings{baker_bayesian_2011,
	title = {Bayesian theory of mind: {Modeling} joint belief-desire attribution},
	shorttitle = {Bayesian theory of mind},
	url = {http://mindmodeling.org/cogsci2011/papers/0583/paper0583.pdf},
	urldate = {2015-04-02},
	booktitle = {Proceedings of the thirty-second annual conference of the cognitive science society},
	author = {Baker, Chris L. and Saxe, Rebecca R. and Tenenbaum, Joshua B.},
	year = {2011},
	pages = {2469--2474},
	file = {[PDF] à partir de mindmodeling.org:/home/antoine/.zotero/zotero/ns6tl2ih.default/zotero/storage/3HCN7KA9/Baker et al. - 2011 - Bayesian theory of mind Modeling joint belief-des.pdf:application/pdf}
}

@inproceedings{kaldeli_extended_2009,
	title = {Extended {Goals} for {Composing} {Services}.},
	url = {http://www.aaai.org/ocs/index.php/ICAPS/ICAPS09/paper/viewPDFInterstitial/716/1138},
	urldate = {2014-12-18},
	booktitle = {{ICAPS}},
	author = {Kaldeli, Eirini and Lazovik, Alexander and Aiello, Marco},
	year = {2009}
}

@inproceedings{juarez_using_2011,
	title = {Using semantic technologies to describe robotic embodiments},
	booktitle = {Proceedings of the 6th international conference on {Human}-robot interaction},
	author = {Juarez, Alex and Bartneck, Christoph and Feijs, Loe},
	year = {2011},
	pages = {425--432},
	file = {VG-Using_Semantic_Technologies_to_Describe_Robotic-2011.pdf:/home/antoine/.zotero/zotero/ns6tl2ih.default/zotero/storage/IWP4V6AE/VG-Using_Semantic_Technologies_to_Describe_Robotic-2011.pdf:application/pdf}
}

@inproceedings{mataric_role_2005,
	title = {The role of embodiment in assistive interactive robotics for the elderly},
	url = {http://www.aaai.org/Papers/Symposia/Fall/2005/FS-05-02/FS05-02-012.pdf},
	booktitle = {{AAAI} fall symposium on caring machines: {AI} for the elderly, {Arlington}, {VA}},
	author = {Mataric, Maja J},
	year = {2005},
	keywords = {human-robot communication, sociology},
	file = {Embodiment in Assistive Robotics.pdf:/home/antoine/.zotero/zotero/ns6tl2ih.default/zotero/storage/5UP8RGI6/Embodiment in Assistive Robotics.pdf:application/pdf}
}

@inproceedings{wang_probabilistic_2012,
	title = {Probabilistic {Modeling} of {Human} {Movements} for {Intention} {Inference}.},
	booktitle = {Robotics: {Science} and {Systems}},
	publisher = {Citeseer},
	author = {Wang, Zhikun and Deisenroth, Marc Peter and Amor, Heni Ben and Vogt, David and Schölkopf, Bernhard and Peters, Jan},
	year = {2012}
}

@article{srinivasa_herb_2012,
	title = {Herb 2.0: {Lessons} learned from developing a mobile manipulator for the home},
	volume = {100},
	url = {http://www.researchgate.net/publication/255968811_HERB_2.0_Lessons_Learned_from_Developing_a_Mobile_Manipulator_for_the_Home/file/60b7d521212800679a.pdf},
	number = {8},
	journal = {Proceedings of the IEEE},
	author = {Srinivasa, Siddhartha S and Berenson, Dmitry and Cakmak, Maya and Collet, Alvaro and Dogar, Mehmet Remzi and Dragan, Anca D and Knepper, Ross A and Niemueller, Tim and Strabala, Kyle and Vande Weghe, Mike and {others}},
	year = {2012},
	keywords = {decision-making, human-robot communication, robot},
	pages = {2410--2428},
	file = {HERB2.pdf:/home/antoine/.zotero/zotero/ns6tl2ih.default/zotero/storage/MT29GSQT/HERB2.pdf:application/pdf}
}

@inproceedings{boger_decision-theoretic_2005,
	title = {A decision-theoretic approach to task assistance for persons with dementia},
	booktitle = {{IJCAI}},
	publisher = {Citeseer},
	author = {Boger, Jennifer and Poupart, Pascal and Hoey, Jesse and Boutilier, Craig and Fernie, Geoff and Mihailidis, Alex},
	year = {2005},
	pages = {1293--1299}
}

@inproceedings{fernandez_integrated_2014,
	title = {An integrated an low cost home automation system with flexible task scheduling},
	url = {http://waf2014.redaf.es/media/179.pdf},
	urldate = {2014-12-08},
	booktitle = {{XV} {Workshop} of physical agents: book of proceedings, {WAF} 2014, {June} 12th and 13th, 2014 {León}, {Spain}},
	author = {Fernández, Joaquín López and Losada, Diego Pérez and Domonte, Enrique Paz},
	year = {2014},
	pages = {70--79},
	file = {[PDF] à partir de redaf.es:/home/antoine/.zotero/zotero/ns6tl2ih.default/zotero/storage/9SVXQ5VX/Fernández et al. - 2014 - An integrated an low cost home automation system w.pdf:application/pdf}
}

@article{ahmad_plan_2014,
	title = {Plan and {Intent} {Recognition} in a {Multi}-agent {System} for {Collective} {Box} {Pushing}},
	volume = {23},
	url = {http://www.degruyter.com/view/j/jisys.2014.23.issue-1/jisys-2013-0044/jisys-2013-0044.xml},
	number = {1},
	urldate = {2014-11-25},
	journal = {Journal of Intelligent Systems},
	author = {Ahmad, Najla and Agah, Arvin},
	year = {2014},
	pages = {95--108},
	file = {Plan and Intent Recognition in a Multi-agent System for Collective Box Pushing \: Journal of Intelligent Systems:/home/antoine/.zotero/zotero/ns6tl2ih.default/zotero/storage/CMFWWAFM/jisys-2013-0044.html:text/html}
}

@inproceedings{erol_umcp:_1994,
	title = {{UMCP}: {A} {Sound} and {Complete} {Procedure} for {Hierarchical} {Task}-network {Planning}.},
	volume = {94},
	shorttitle = {{UMCP}},
	url = {http://www.cs.umd.edu/~nau/papers/erol1994umcp.pdf},
	urldate = {2014-11-25},
	booktitle = {{AIPS}},
	author = {Erol, Kutluhan and Hendler, James A. and Nau, Dana S.},
	year = {1994},
	pages = {249--254},
	file = {erol1994umcp.pdf:/home/antoine/.zotero/zotero/ns6tl2ih.default/zotero/storage/JVKRSNHH/erol1994umcp.pdf:application/pdf}
}

@misc{_algorithme_2014,
	title = {Algorithme {A}*},
	copyright = {Creative Commons Attribution-ShareAlike License},
	url = {https://fr.wikipedia.org/w/index.php?title=Algorithme_A*&oldid=107338227},
	abstract = {L'algorithme de recherche A* (qui se prononce A étoile, ou A star à l'anglaise) est un algorithme de recherche de chemin dans un graphe entre un nœud initial et un nœud final tous deux donnés. De par sa simplicité il est souvent présenté comme exemple typique d'algorithme de planification, domaine de l'intelligence artificielle. L'algorithme A* a été créé pour que la première solution trouvée soit l'une des meilleures, c'est pourquoi il est célèbre dans des applications comme les jeux vidéo privilégiant la vitesse de calcul sur l'exactitude des résultats. Cet algorithme a été proposé pour la première fois par Peter E. Hart (en), Nils Nilsson et Bertram Raphael (en) en 1968[1]. Il s'agit d'une extension de l'algorithme de Dijkstra de 1959.},
	language = {fr},
	urldate = {2014-11-14},
	journal = {Wikipédia},
	month = nov,
	year = {2014},
	note = {Page Version ID: 107338227},
	file = {Snapshot:/home/antoine/.zotero/zotero/ns6tl2ih.default/zotero/storage/TK8RNM4D/index.html:text/html}
}

@incollection{pereira_intention_2009,
	title = {Intention recognition via causal {Bayes} networks plus plan generation},
	url = {http://link.springer.com/chapter/10.1007/978-3-642-04686-5_12},
	urldate = {2014-11-25},
	booktitle = {Progress in {Artificial} {Intelligence}},
	publisher = {Springer},
	author = {Pereira, Luís Moniz and {others}},
	year = {2009},
	pages = {138--149},
	file = {Intention Recognition via Causal Bayes Networks Plus Plan Generation - Springer:/home/antoine/.zotero/zotero/ns6tl2ih.default/zotero/storage/AUR4UIFQ/978-3-642-04686-5_12.html:text/html}
}

@misc{_aldebaran_????,
	title = {Aldebaran a fini de jouer avec {Nao} le petit robot},
	url = {http://www.challenges.fr/entreprise/20150402.CHA4548/aldebaran-a-fini-de-jouer-avec-nao-le-petit-robot.html},
	abstract = {La pépite française de la robotique a perdu son fondateur, lassé du bras de fer avec l’actionnaire japonais, qui réclame des machines plus utilitaires.},
	urldate = {2015-04-15},
	journal = {Challenges},
	note = {00000},
	file = {Snapshot:/home/antoine/.zotero/zotero/ns6tl2ih.default/zotero/storage/CEBP7NBQ/aldebaran-a-fini-de-jouer-avec-nao-le-petit-robot.html:text/html}
}

@article{bistarelli_semiring-based_1999,
	title = {Semiring-based {CSPs} and valued {CSPs}: {Frameworks}, properties, and comparison},
	volume = {4},
	shorttitle = {Semiring-based {CSPs} and valued {CSPs}},
	url = {http://link.springer.com/article/10.1023/A:1026441215081},
	number = {3},
	urldate = {2015-01-23},
	journal = {Constraints},
	author = {Bistarelli, Stefano and Montanari, Ugo and Rossi, Francesca and Schiex, Thomas and Verfaillie, Gérard and Fargier, Hélene},
	year = {1999},
	pages = {199--240},
	file = {@constraints1.pdf:/home/antoine/.zotero/zotero/ns6tl2ih.default/zotero/storage/CMQ3I78U/@constraints1.pdf:application/pdf;constraints1.pdf:/home/antoine/.zotero/zotero/ns6tl2ih.default/zotero/storage/XJVHC6ZE/constraints1.pdf:application/pdf}
}

@misc{_fluent_2014,
	title = {Fluent (artificial intelligence)},
	copyright = {Creative Commons Attribution-ShareAlike License},
	url = {https://en.wikipedia.org/w/index.php?title=Fluent_(artificial_intelligence)&oldid=622144308},
	abstract = {In artificial intelligence, a fluent is a condition that can change over time. In logical approaches to reasoning about actions, fluents can be represented in first-order logic by predicates having an argument that depends on time. For example, the condition “the box is on the table”, if it can change over time, cannot be represented by ; a third argument is necessary to the predicate to specify the time: means that the box is on the table at time . This representation of fluents is used in the situation calculus using the sequence of the past actions in place of the current time.},
	language = {en},
	urldate = {2014-12-19},
	journal = {Wikipedia, the free encyclopedia},
	month = dec,
	year = {2014},
	note = {Page Version ID: 622144308},
	file = {Snapshot:/home/antoine/.zotero/zotero/ns6tl2ih.default/zotero/storage/FEDPI6KW/index.html:text/html}
}

@misc{_conditional_2014,
	title = {Conditional random field},
	copyright = {Creative Commons Attribution-ShareAlike License},
	url = {https://en.wikipedia.org/w/index.php?title=Conditional_random_field&oldid=626430103},
	abstract = {Conditional random fields (CRFs) are a class of statistical modelling method often applied in pattern recognition and machine learning, where they are used for structured prediction. Whereas an ordinary classifier predicts a label for a single sample without regard to "neighboring" samples, a CRF can take context into account; e.g., the linear chain CRF popular in natural language processing predicts sequences of labels for sequences of input samples.},
	language = {en},
	urldate = {2014-10-14},
	journal = {Wikipedia, the free encyclopedia},
	month = oct,
	year = {2014},
	note = {Page Version ID: 626430103},
	file = {Snapshot:/home/antoine/.zotero/zotero/ns6tl2ih.default/zotero/storage/TV9TU9DU/index.html:text/html}
}

@inproceedings{goldman_new_1999,
	title = {A new model of plan recognition},
	url = {http://homepages.inf.ed.ac.uk/cgeib/Site/Papers_files/uai99.pdf},
	booktitle = {Proceedings of the {Fifteenth} conference on {Uncertainty} in artificial intelligence},
	publisher = {Morgan Kaufmann Publishers Inc.},
	author = {Goldman, Robert P and Geib, Christopher W and Miller, Christopher A},
	year = {1999},
	keywords = {KEY},
	pages = {245--254},
	file = {04-Geib-AAAI.pdf:/home/antoine/.zotero/zotero/ns6tl2ih.default/zotero/storage/6H7DX8EE/04-Geib-AAAI.pdf:application/pdf;uai99.pdf:/home/antoine/.zotero/zotero/ns6tl2ih.default/zotero/storage/HEJV5P9D/uai99.pdf:application/pdf}
}

@article{cameron_herb_????,
	title = {{HERB} ({Home} {Exploring} {Robotic} {Butler}) {User} {Interface}: {Design} and {Research} {Process}},
	url = {http://michael.sparandara.com/assets/herb/HERB_user_interface_paper.pdf},
	author = {Cameron, Richard and Grantham, Alice and Kravetz, Oren and Lin, Michael and Lu, Jennifer and Sparandara, Michael and Yip, Jacky},
	file = {HERB_user_interface_paper.pdf:/home/antoine/.zotero/zotero/ns6tl2ih.default/zotero/storage/6Q3XB9ZS/HERB_user_interface_paper.pdf:application/pdf}
}

@misc{_java_????,
	title = {Java {SE} 7 {Remote} {Method} {Invocation} ({RMI})-related {APIs} \& {Developer} {Guides}},
	url = {http://docs.oracle.com/javase/7/docs/technotes/guides/rmi/index.html},
	urldate = {2013-07-24},
	file = {Java SE 7 Remote Method Invocation (RMI)-related APIs & Developer Guides:/home/antoine/.zotero/zotero/ns6tl2ih.default/zotero/storage/W85NW8M9/index.html:text/html}
}

@article{georgeff_procedural_1986,
	title = {Procedural knowledge},
	volume = {74},
	url = {http://ieeexplore.ieee.org/xpls/abs_all.jsp?arnumber=1457907},
	number = {10},
	urldate = {2014-11-25},
	journal = {Proceedings of the IEEE},
	author = {Georgeff, Michael P. and Lansky, Amy L.},
	year = {1986},
	pages = {1383--1398},
	file = {IEEE Xplore Abstract - Procedural knowledge:/home/antoine/.zotero/zotero/ns6tl2ih.default/zotero/storage/7CBCDE3F/login.html:text/html}
}

@article{albrecht_bayesian_1998,
	title = {Bayesian models for keyhole plan recognition in an adventure game},
	volume = {8},
	url = {http://link.springer.com/article/10.1023/A:1008238218679},
	number = {1-2},
	urldate = {2014-11-25},
	journal = {User modeling and user-adapted interaction},
	author = {Albrecht, David W. and Zukerman, Ingrid and Nicholson, An E.},
	year = {1998},
	pages = {5--47},
	file = {Bayesian Models for Keyhole Plan Recognition in an Adventure Game - Springer:/home/antoine/.zotero/zotero/ns6tl2ih.default/zotero/storage/2BXBCFA3/A1008238218679.html:text/html}
}

@inproceedings{schlenoff_ieee_2012,
	title = {An ieee standard ontology for robotics and automation},
	booktitle = {Intelligent {Robots} and {Systems} ({IROS}), 2012 {IEEE}/{RSJ} {International} {Conference} on},
	author = {Schlenoff, Craig and Prestes, Edson and Madhavan, Raj and Goncalves, Paulo and Li, Howard and Balakirsky, Stephen and Kramer, Thomas and Miguelanez, Emilio},
	year = {2012},
	keywords = {ontology, robot, standard},
	pages = {1337--1342},
	file = {VG-An_IEEE_Standard_Ontology_for_Robotics_and_Automation.pdf:/home/antoine/.zotero/zotero/ns6tl2ih.default/zotero/storage/8BXGUAH6/VG-An_IEEE_Standard_Ontology_for_Robotics_and_Automation.pdf:application/pdf}
}

@phdthesis{bonchek-dokow_cognitive_2012,
	title = {Cognitive {Modeling} of {Human} {Intention} {Recognition}},
	url = {http://u.cs.biu.ac.il/~galk/Publications/Papers/elisheva-phd.pdf},
	abstract = {Human beings, from the very young age of 18 months, have been shown to be able to extrapolate intentions from actions. That is, upon viewing another human executing a series of actions, an observing child can guess the underlying intention, even before the goal has been achieved, and even when the performer failed at achieving the goal. In this work, we propose a cognitive model of this human ability, namely, that of intention recognition. The proposed model deals with the challenge of recognizing the intention of an observed sequence of actions, performed by some acting agent. Intention recognition is apparently one of the core components of social cognition. Such a model is therefore important both from a cognitive science point of view and from an engineering perspective. It could provide a deeper understanding of normal and pathological development of human social cognition processes, as well as allowing for artificial implementation of this ability in software agents and physical robots, towards the end of creating more socially intelligent artificial beings. Much work has already been done in all the many areas touching upon this topic, from psychology through neuroscience to artificial intelligence and engineering. In this work we aim to address those aspects of intention recognition which have not yet been treated satisfactorily. We provide a high-level overview of the process as a whole, and detail this model in a way which can explain how {\textbackslash}emphfailed sequences of actions can be dealt with and their underlying intention extracted, and how {\textbackslash}emphnovel objects can be dealt with, and goals regarding them predicted, although there is—seemingly—no prior knowledge about them. We elaborate on two components of our proposed model, which we believe to be at its core, namely, those of intention detection and intention prediction. By {\textbackslash}emphintention detection we mean the ability to discern whether or not a sequence of actions has any underlying intention at all, or whether it was performed in an arbitrary manner with no goal in mind. By {\textbackslash}emphintention prediction we mean the ability to extend an incomplete sequence of actions to its most likely intended goal. The overall structure of the model, i.e. its components and the connections between them, is justified by psychological theories and supported by a plethora of empirical results reviewed in the relevant literature. These theories and experiments are referred to appropriately throughout this work. As for the two core modules on which we elaborate—Intention Detection and Intention Prediction—we present results from several experiments which we have designed and implemented for this purpose. The Intention Detection module is based on a measure of intention, which captures a notion of efficiency, in keeping with the Principle of Rational Action, which states that intentions are brought about by the most rational means available to the actor. This module is validated by two experiments. The first is an artificial emulation of the original intention re-enactment procedure by Meltzoff (1995). The results show that the proposed measure of intention indeed succeeds at categorizing streams of action according to the extent to which they convey an underlying intention. The second experiment validating the Intention Detection module is closer to real life. It uses surveillance videos taken from an online database, and analyzes them according to the proposed measure of intention. This analysis is then compared to human judgment of intention on the same videos. The resulting correlation between the output of our module and that of the human subjects is high, showing once again that our measure of intention indeed captures the notion of intention present in action. Like the Intention Detection module, the Intention Prediction module is based on a measure of intention as well. This measure is also designed to be in line with the Principle of Rational Action, however, it is formalized differently, for reasons which will be discussed. The Intention Prediction module also makes use of the psychological notion of {\textbackslash}emphaffordances, for extracting goal states from objects in the environment, which the observed actions might possibly be intending to realize. In order to test this second measure of intention as far as its usefulness for predicting intention, we designed an online experiment in which human subjects were presented with abstract objects (various geometric shapes), and were asked to predict the end-configuration of the objects, which observed sequences of movements were aiming to achieve. The predictions arrived at by our measure of intention were compared to the human results, and proved to be highly reliable. Other possible measures, such as proximity of the terminal state arrived at by the actions to the various goals, were also considered. However the success of these measures at predicting the intended goal was inferior to that of our measure of intention, and they at most play a secondary role in the process. To conclude our work, we summarize our findings and propose several directions for future research on intention modeling. We hope this work will be of interest and of use to researchers in the multidisciplinary communities dealing with intention recognition, and look forward to seeing the ideas proposed here implemented in socially cognitive artificial systems.},
	school = {Bar Ilan University},
	author = {Bonchek-Dokow, Elisheva},
	year = {2012},
	file = {elisheva-phd.pdf:/home/antoine/.zotero/zotero/ns6tl2ih.default/zotero/storage/X3QBQBM4/elisheva-phd.pdf:application/pdf}
}

@article{cai_intrusion_????,
	title = {Intrusion intention recognition and response based on weighed plan knowledge graph},
	url = {http://cmnt.lv/upload-files/ns_39brt026%20CMNT1812-358%20YUG%20265_LG-ed-VG%20(1).PDF},
	urldate = {2015-02-02},
	author = {Cai, Zengyu and Zhang, Qikun and Zhang, Ran and Gan, Yong},
	file = {ns_39brt026 CMNT1812-358 YUG 265_LG-ed-VG (1).pdf:/home/antoine/.zotero/zotero/ns6tl2ih.default/zotero/storage/7QSBBDKZ/ns_39brt026 CMNT1812-358 YUG 265_LG-ed-VG (1).pdf:application/pdf}
}

@misc{_resource_2014,
	title = {Resource {Description} {Framework}},
	copyright = {Creative Commons Attribution-ShareAlike License},
	url = {https://fr.wikipedia.org/w/index.php?title=Resource_Description_Framework&oldid=108076552},
	abstract = {Resource Description Framework (RDF) est un modèle de graphe destiné à décrire de façon formelle les ressources Web et leurs métadonnées, de façon à permettre le traitement automatique de telles descriptions. Développé par le W3C, RDF est le langage de base du Web sémantique. L'une des syntaxes (ou sérialisations) de ce langage est RDF/XML. D'autres sérialisations de RDF sont apparues ensuite, cherchant à rendre la lecture plus compréhensible ; c'est le cas par exemple de Notation3 (ou N3).},
	language = {fr},
	urldate = {2014-12-05},
	journal = {Wikipédia},
	month = nov,
	year = {2014},
	note = {Page Version ID: 108076552},
	file = {Snapshot:/home/antoine/.zotero/zotero/ns6tl2ih.default/zotero/storage/IETVDJ8G/index.html:text/html}
}

@article{keren_goal_2014,
	title = {Goal {Recognition} {Design}},
	url = {http://agp.iem.technion.ac.il/avigal/wp-content/uploads/2014/12/7814-36999-1-PB-2.pdf},
	urldate = {2015-02-16},
	author = {Keren, Sarah and Gal, Avigdor and Karpas, Erez},
	year = {2014},
	file = {7814-36999-1-PB-2.pdf:/home/antoine/.zotero/zotero/ns6tl2ih.default/zotero/storage/UJGGTWXW/7814-36999-1-PB-2.pdf:application/pdf}
}

@book{sukthankar_plan_2014,
	title = {Plan, {Activity}, and {Intent} {Recognition}: {Theory} and {Practice}},
	shorttitle = {Plan, {Activity}, and {Intent} {Recognition}},
	url = {http://books.google.com/books?hl=fr&lr=&id=xslUAgAAQBAJ&oi=fnd&pg=PR1&dq=Intent+recognition&ots=oCE6wW5epa&sig=oR1ZY_U9MJCGwy0mT7ruptMxEnw},
	urldate = {2014-11-25},
	publisher = {Newnes},
	author = {Sukthankar, Gita and Geib, Christopher and Bui, Hung Hai and Pynadath, David and Goldman, Robert P.},
	year = {2014},
	keywords = {KEY},
	file = {Snapshot:/home/antoine/.zotero/zotero/ns6tl2ih.default/zotero/storage/HVH748ZS/books.html:text/html}
}

@misc{_hierarchical_2014,
	title = {Hierarchical task network},
	copyright = {Creative Commons Attribution-ShareAlike License},
	url = {https://en.wikipedia.org/w/index.php?title=Hierarchical_task_network&oldid=583575771},
	abstract = {In artificial intelligence, the hierarchical task network, or HTN, is an approach to automated planning in which the dependency among actions can be given in the form of networks.},
	language = {en},
	urldate = {2014-11-10},
	journal = {Wikipedia, the free encyclopedia},
	month = oct,
	year = {2014},
	note = {Page Version ID: 583575771},
	file = {Snapshot:/home/antoine/.zotero/zotero/ns6tl2ih.default/zotero/storage/A5NZP3II/index.html:text/html}
}

@inproceedings{avrahami-zilberbrand_fast_2005,
	title = {Fast and {Complete} {Symbolic} {Plan} {Recognition}.},
	url = {http://www.ijcai.org/papers/1268.pdf},
	booktitle = {{IJCAI}},
	author = {Avrahami-Zilberbrand, Dorit and Kaminka, Gal A},
	year = {2005},
	keywords = {AND-OR Tree, complexity, FDT, intent recognition, KEY, logic, Trees},
	pages = {653--658},
	file = {1268.pdf:/home/antoine/.zotero/zotero/ns6tl2ih.default/zotero/storage/FHJ7RI45/1268.pdf:application/pdf;THESE DE DOCTORAT-2014-07-14.pdf:/home/antoine/.zotero/zotero/ns6tl2ih.default/zotero/storage/FBKIZ9E8/THESE DE DOCTORAT-2014-07-14.pdf:application/pdf;THESE DE DOCTORAT-2014-07-14.pdf:/home/antoine/.zotero/zotero/ns6tl2ih.default/zotero/storage/GN7EQAA9/THESE DE DOCTORAT-2014-07-14.pdf:application/pdf}
}

@misc{_irobots_????,
	title = {{iRobot}'s newest machine is made for student hackers},
	url = {http://www.engadget.com/2014/12/10/irobot-create-2/},
	abstract = {Many educational robots tend to be  complex and expensive, or simple and cheap. Where's the middle ground for students who want to build sophisticated th},
	urldate = {2014-12-10},
	journal = {Engadget},
	file = {Snapshot:/home/antoine/.zotero/zotero/ns6tl2ih.default/zotero/storage/V8S64FTC/irobot-create-2.html:text/html}
}

@inproceedings{hovland_skill_1996,
	title = {Skill acquisition from human demonstration using a hidden markov model},
	volume = {3},
	url = {http://ieeexplore.ieee.org/xpls/abs_all.jsp?arnumber=506571},
	urldate = {2015-01-28},
	booktitle = {Robotics and {Automation}, 1996. {Proceedings}., 1996 {IEEE} {International} {Conference} on},
	publisher = {Ieee},
	author = {Hovland, Geir E. and Sikka, Pavan and McCarragher, Brenan J.},
	year = {1996},
	pages = {2706--2711},
	file = {download.pdf:/home/antoine/.zotero/zotero/ns6tl2ih.default/zotero/storage/K38K52NW/download.pdf:application/pdf}
}

@inproceedings{ge_elderly_2014,
	title = {Elderly {Personal} {Intention} {Recognition} by {Activity} and {Context} {Recognition} in {Smart} {Home}},
	url = {http://www.yeedao.net/iccse2014/cd/data/papers/13536.pdf},
	urldate = {2014-11-25},
	booktitle = {Computer {Science} \& {Education} ({ICCSE}), 2014 9th {International} {Conference} on},
	publisher = {IEEE},
	author = {Ge, Yujia and Xu, Bin},
	year = {2014},
	pages = {347--350}
}

@inproceedings{cesta_robocare_2005,
	title = {The robocare project: {Intelligent} systems for elder care},
	url = {http://www.aaai.org/Papers/Symposia/Fall/2005/FS-05-02/FS05-02-005.pdf},
	booktitle = {{AAAI} {Fall} {Symposium} on {Caring} {Machines}: {AI} in {Elder} {Care}, {USA}},
	author = {Cesta, Amedeo and Pecora, Federico},
	year = {2005},
	keywords = {domotics, robot, Sensors},
	file = {Robocare.pdf:/home/antoine/.zotero/zotero/ns6tl2ih.default/zotero/storage/FUIIVG36/Robocare.pdf:application/pdf}
}

@misc{hector_geffner_planning_2011,
	address = {Dagstuhl},
	type = {Invited talk},
	title = {Planning and {Plan} {Recognition} ({Slides})},
	url = {http://www.dtic.upf.edu/~hgeffner/dagstuhl-2011.pdf},
	author = {{Hector Geffner}},
	year = {2011},
	file = {@dagstuhl-2011.pdf:/home/antoine/.zotero/zotero/ns6tl2ih.default/zotero/storage/DNWC6RPX/@dagstuhl-2011.pdf:application/pdf;dagstuhl-2011.pdf:/home/antoine/.zotero/zotero/ns6tl2ih.default/zotero/storage/PEC6888T/dagstuhl-2011.pdf:application/pdf}
}

@inproceedings{ramirez_goal_2011,
	title = {Goal recognition over {POMDPs}: {Inferring} the intention of a {POMDP} agent},
	shorttitle = {Goal recognition over {POMDPs}},
	url = {https://personal.cis.strath.ac.uk/david.pattison/pub/gaprec_pp.pdf#page=17},
	urldate = {2015-02-02},
	booktitle = {{IJCAI}},
	publisher = {IJCAI/AAAI},
	author = {Ramırez, Miquel and Geffner, Hector},
	year = {2011},
	pages = {2009--2014},
	file = {miquel-ijcai11.pdf:/home/antoine/.zotero/zotero/ns6tl2ih.default/zotero/storage/SPIR4KE5/miquel-ijcai11.pdf:application/pdf}
}

@misc{_bayesian_2014,
	title = {Bayesian network},
	copyright = {Creative Commons Attribution-ShareAlike License},
	url = {https://en.wikipedia.org/w/index.php?title=Bayesian_network&oldid=627520778},
	abstract = {A Bayesian network, Bayes network, belief network, Bayes(ian) model or probabilistic directed acyclic graphical model is a probabilistic graphical model (a type of statistical model) that represents a set of random variables and their conditional dependencies via a directed acyclic graph (DAG). For example, a Bayesian network could represent the probabilistic relationships between diseases and symptoms. Given symptoms, the network can be used to compute the probabilities of the presence of various diseases.},
	language = {en},
	urldate = {2014-10-02},
	journal = {Wikipedia, the free encyclopedia},
	month = sep,
	year = {2014},
	note = {Page Version ID: 627520778},
	file = {Snapshot:/home/antoine/.zotero/zotero/ns6tl2ih.default/zotero/storage/GARZQQ2N/index.html:text/html}
}

@misc{_strips_2014,
	title = {{STRIPS}},
	copyright = {Creative Commons Attribution-ShareAlike License},
	url = {https://en.wikipedia.org/w/index.php?title=STRIPS&oldid=600704482},
	abstract = {In artificial intelligence, STRIPS (Stanford Research Institute Problem Solver) is an automated planner developed by Richard Fikes and Nils Nilsson in 1971 at SRI International. The same name was later used to refer to the formal language of the inputs to this planner. This language is the base for most of the languages for expressing automated planning problem instances in use today; such languages are commonly known as action languages. This article only describes the language, not the planner.},
	language = {en},
	urldate = {2014-12-19},
	journal = {Wikipedia, the free encyclopedia},
	month = dec,
	year = {2014},
	note = {Page Version ID: 600704482},
	file = {Snapshot:/home/antoine/.zotero/zotero/ns6tl2ih.default/zotero/storage/X7DMA633/index.html:text/html}
}

@inproceedings{tsui_developing_2010,
	title = {Developing heuristics for assistive robotics},
	url = {http://robotics.cs.uml.edu/fileadmin/content/publications/2010/assisitive-robotics-heuristics-tsui-abuzahra-casipe-msadoques-drury.pdf},
	booktitle = {Human-{Robot} {Interaction} ({HRI}), 2010 5th {ACM}/{IEEE} {International} {Conference} on},
	publisher = {IEEE},
	author = {Tsui, Katherine M and Abu-Zahra, Kareem and Casipe, Renato and M'Sadoques, Jason and Drury, Jill L},
	year = {2010},
	pages = {193--194},
	file = {assisitive-robotics-heuristics-tsui-abuzahra-casipe-msadoques-drury.pdf:/home/antoine/.zotero/zotero/ns6tl2ih.default/zotero/storage/Z4X86TKS/assisitive-robotics-heuristics-tsui-abuzahra-casipe-msadoques-drury.pdf:application/pdf}
}

@misc{w3c_rdf_2004,
	title = {{RDF} {Vocabulary} {Description} {Language} 1.0: {RDF} {Schema}},
	copyright = {Copyright © 2004 W3C ® (MIT, ERCIM , Keio), All Rights Reserved. W3C liability, trademark, document use and software licensing rules apply.},
	url = {http://www.w3.org/TR/rdf-schema/},
	abstract = {The Resource Description Framework (RDF) is a general-purpose language for representing information in the Web. This specification describes how to use RDF to describe RDF vocabularies. This specification defines a vocabulary for this purpose and defines other built-in RDF vocabulary initially specified in the RDF Model and Syntax Specification.},
	language = {English},
	urldate = {2013-07-19},
	author = {{W3C}},
	collaborator = {Brickley, Dan and Guha, R.V.},
	month = feb,
	year = {2004},
	file = {RDF Vocabulary Description Language 1.0\: RDF Schema:/home/antoine/.zotero/zotero/ns6tl2ih.default/zotero/storage/XNTNPWJU/rdf-schema.html:text/html}
}

@inproceedings{kaldeli_interoperation_2010,
	title = {Interoperation, composition and simulation of services at home},
	booktitle = {Service-oriented computing},
	publisher = {Springer},
	author = {Kaldeli, Eirini and Warriach, Ehsan Ullah and Bresser, Jaap and Lazovik, Alexander and Aiello, Marco},
	year = {2010},
	pages = {167--181}
}

@article{rosenthal_is_2012,
	title = {Is someone in this office available to help me?},
	volume = {66},
	url = {http://link.springer.com/article/10.1007/s10846-011-9610-4},
	number = {1-2},
	urldate = {2014-12-02},
	journal = {Journal of Intelligent \& Robotic Systems},
	author = {Rosenthal, Stephanie and Veloso, Manuela and Dey, Anind K.},
	year = {2012},
	pages = {205--221},
	file = {Is Someone in this Office Available to Help Me? - Springer:/home/antoine/.zotero/zotero/ns6tl2ih.default/zotero/storage/P8QP5AEW/s10846-011-9610-4.html:text/html}
}

@misc{_semantic_2015,
	title = {Semantic reasoner},
	copyright = {Creative Commons Attribution-ShareAlike License},
	url = {https://en.wikipedia.org/w/index.php?title=Semantic_reasoner&oldid=658967672},
	abstract = {A semantic reasoner, reasoning engine, rules engine, or simply a reasoner, is a piece of software able to infer logical consequences from a set of asserted facts or axioms. The notion of a semantic reasoner generalizes that of an inference engine, by providing a richer set of mechanisms to work with. The inference rules are commonly specified by means of an ontology language, and often a description language. Many reasoners use first-order predicate logic to perform reasoning; inference commonly proceeds by forward chaining and backward chaining. There are also examples of probabilistic reasoners, including Pei Wang's non-axiomatic reasoning system, and probabilistic logic networks.},
	language = {en},
	urldate = {2015-05-13},
	journal = {Wikipedia, the free encyclopedia},
	month = apr,
	year = {2015},
	note = {Page Version ID: 658967672},
	file = {Snapshot:/home/antoine/.zotero/zotero/ns6tl2ih.default/zotero/storage/R7W3A9XT/index.html:text/html}
}

@inproceedings{li_multi-agent_2008,
	title = {Multi-{Agent} {Oriented} {Tactical} {Plan} {Recognition} {Method} with {Uncertainty}},
	volume = {6},
	booktitle = {Natural {Computation}, 2008. {ICNC}'08. {Fourth} {International} {Conference} on},
	publisher = {IEEE},
	author = {Li, Weisheng and Wang, Weixing},
	year = {2008},
	pages = {54--58}
}

@article{martin_owl-s:_2004,
	title = {{OWL}-{S}: {Semantic} markup for web services},
	volume = {22},
	journal = {W3C member submission},
	author = {Martin, David and Burstein, Mark and Hobbs, Jerry and Lassila, Ora and McDermott, Drew and McIlraith, Sheila and Narayanan, Srini and Paolucci, Massimo and Parsia, Bijan and Payne, Terry and others},
	year = {2004},
	pages = {2007--04}
}

@incollection{pereira_intention_2011,
	title = {Intention {Recognition} with {Evolution} {Prospection} and {Causal} {Bayes} {Networks}},
	url = {http://link.springer.com/chapter/10.1007/978-94-007-0093-2_1},
	urldate = {2014-11-25},
	booktitle = {Computational {Intelligence} for {Engineering} {Systems}},
	publisher = {Springer},
	author = {Pereira, Luís Moniz and {others}},
	year = {2011},
	pages = {1--33},
	file = {Intention Recognition with Evolution Prospection and Causal Bayes Networks - Springer:/home/antoine/.zotero/zotero/ns6tl2ih.default/zotero/storage/CG4IMWFS/978-94-007-0093-2_1.html:text/html}
}

@inproceedings{zhuo_action-model_2012,
	title = {Action-model based multi-agent plan recognition},
	url = {http://papers.nips.cc/paper/4812-action-model-based-multi-agent-plan-recognition},
	urldate = {2015-02-16},
	booktitle = {Advances in {Neural} {Information} {Processing} {Systems}},
	author = {Zhuo, Hankz H. and Yang, Qiang and Kambhampati, Subbarao},
	year = {2012},
	pages = {368--376},
	file = {[HTML] à partir de nips.cc:/home/antoine/.zotero/zotero/ns6tl2ih.default/zotero/storage/G754NZFG/4812-action-model-based-multi-agent-plan-recognition.html:text/html}
}

@inproceedings{dhouib_control_2011,
	title = {Control architecture concepts and properties of an ontology devoted to exchanges in mobile robotics},
	booktitle = {6th {National} {Conference} on {Control} {Architectures} of {Robots}},
	author = {Dhouib, Saadia and Du Lac, Nicolas and Farges, Jean-Loup and Gerard, Sébastien and Hemaissia-Jeannin, Miniar and Lahera-Perez, Juan and Millet, Stéphane and Patin, Bruno and Stinckwich, Serge and others},
	year = {2011},
	keywords = {ontology, robot},
	file = {VG-Control_Architecture_Concepts_and_Properties_of_an_Ontology_Devoted_to_Exchanges_in_Mobile_Robotics.PDF:/home/antoine/.zotero/zotero/ns6tl2ih.default/zotero/storage/5JBNA2UK/VG-Control_Architecture_Concepts_and_Properties_of_an_Ontology_Devoted_to_Exchanges_in_Mobile_Robotics.PDF:application/pdf}
}

@misc{_planning_2014,
	title = {Planning {Domain} {Definition} {Language}},
	copyright = {Creative Commons Attribution-ShareAlike License},
	url = {https://en.wikipedia.org/w/index.php?title=Planning_Domain_Definition_Language&oldid=616037608},
	abstract = {The Planning Domain Definition Language (PDDL) is an attempt to standardize Artificial Intelligence (AI) planning languages. It was first developed by Drew McDermott and his colleagues in 1998 (inspired by STRIPS and ADL among others) mainly to make the 1998/2000 International Planning Competition (IPC) possible, and then evolved with each competition. "The adoption of a common formalism for describing planning domains fosters far greater reuse of research and allows more direct comparison of systems and approaches, and therefore supports faster progress in the field. A common formalism is a compromise between expressive power (in which development is strongly driven by potential applications) and the progress of basic research (which encourages development from well-understood foundations). The role of a common formalism as a communication medium for exchange demands that it is provided with a clear semantics."[1]},
	language = {en},
	urldate = {2014-10-13},
	journal = {Wikipedia, the free encyclopedia},
	month = oct,
	year = {2014},
	note = {Page Version ID: 616037608},
	file = {Snapshot:/home/antoine/.zotero/zotero/ns6tl2ih.default/zotero/storage/UNB8AWN7/index.html:text/html}
}

@inproceedings{jeon_ontology-based_2008,
	title = {Ontology-based user intention recognition for proactive planning of intelligent robot behavior},
	url = {http://ieeexplore.ieee.org/xpls/abs_all.jsp?arnumber=4505729},
	urldate = {2014-11-25},
	booktitle = {Multimedia and {Ubiquitous} {Engineering}, 2008. {MUE} 2008. {International} {Conference} on},
	publisher = {IEEE},
	author = {Jeon, Hochul and Kim, Taehwan and Choi, Joongmin},
	year = {2008},
	pages = {244--248},
	file = {IEEE Xplore Abstract - Ontology-Based User Intention Recognition for Proactive Planning of Intelligent Robot Behavior:/home/antoine/.zotero/zotero/ns6tl2ih.default/zotero/storage/HPPZSA56/login.html:text/html}
}

@misc{feugey_internet_????,
	title = {Internet des {Objets} et robotique, nouvelles cibles de {Microsoft}},
	url = {http://www.silicon.fr/internet-des-objets-et-robotique-les-nouvelles-cibles-de-microsoft-113728.html},
	abstract = {De la robotique à l’agriculture, l’Internet des Objets s’invite dans tous les secteurs, avec Microsoft et son Cloud en maîtres de manœuvre.},
	urldate = {2015-04-15},
	journal = {Silicon},
	author = {Feugey, David},
	note = {00000},
	file = {Snapshot:/home/antoine/.zotero/zotero/ns6tl2ih.default/zotero/storage/GMETRRRH/internet-des-objets-et-robotique-les-nouvelles-cibles-de-microsoft-113728.html:text/html}
}

@misc{_inference_2014,
	title = {Inférence},
	copyright = {Creative Commons Attribution-ShareAlike License},
	url = {https://fr.wikipedia.org/w/index.php?title=Inf%C3%A9rence&oldid=109190841},
	abstract = {L'inférence est un mouvement de la pensée allant des principes à la conclusion. Le terme désigne les actions de mise en relation d'un ensemble de propositions, aboutissant à une démonstration de vérité, de fausseté ou de probabilité, sous la forme d'une proposition appelée conclusion.[1]},
	language = {fr},
	urldate = {2014-11-20},
	journal = {Wikipédia},
	month = nov,
	year = {2014},
	note = {Page Version ID: 109190841},
	file = {Snapshot:/home/antoine/.zotero/zotero/ns6tl2ih.default/zotero/storage/E2TJHJAD/index.html:text/html}
}

@inproceedings{ramirez_probabilistic_2010,
	title = {Probabilistic plan recognition using off-the-shelf classical planners},
	url = {http://www.dtic.upf.edu/~hgeffner/pr-aaai-2010.pdf},
	booktitle = {Proceedings of the {Conference} of the {Association} for the {Advancement} of {Artificial} {Intelligence} ({AAAI} 2010)},
	author = {Ramırez, Miquel and Geffner, Hector},
	year = {2010},
	keywords = {context aware, cost computing, intent recognition, planner, probabilities, STRIPS},
	file = {pr-aaai-2010.pdf:/home/antoine/.zotero/zotero/ns6tl2ih.default/zotero/storage/8J7K6RMI/pr-aaai-2010.pdf:application/pdf}
}

@incollection{pereira_elder_2011,
	title = {Elder care via intention recognition and evolution prospection},
	url = {http://link.springer.com/chapter/10.1007/978-3-642-20589-7_11},
	urldate = {2014-11-25},
	booktitle = {Applications of {Declarative} {Programming} and {Knowledge} {Management}},
	publisher = {Springer},
	author = {Pereira, Luís Moniz and {others}},
	year = {2011},
	pages = {170--187},
	file = {Elder Care via Intention Recognition and Evolution Prospection - Springer:/home/antoine/.zotero/zotero/ns6tl2ih.default/zotero/storage/TM8X9B7N/978-3-642-20589-7_11.html:text/html}
}

@misc{_distribution_2014,
	title = {Distribution de {Dirac}},
	copyright = {Creative Commons Attribution-ShareAlike License},
	url = {https://fr.wikipedia.org/w/index.php?title=Distribution_de_Dirac&oldid=107337605},
	abstract = {La distribution de Dirac, aussi appelée par abus de langage fonction δ de Dirac, introduite par Paul Dirac, peut être informellement considérée comme une fonction δ qui prend une « valeur » infinie en 0, et la valeur zéro partout ailleurs, et dont l'intégrale sur ℝ est égale à 1. La représentation graphique de la fonction δ peut être assimilée à l'axe des abscisses en entier et le demi axe des ordonnées positives. D'autre part, δ correspond à la « dérivée » de la fonction de Heaviside (au sens des distributions). Mais cette fonction de Dirac n'est pas une fonction, elle étend la notion de fonction.},
	language = {fr},
	urldate = {2015-01-09},
	journal = {Wikipédia},
	month = dec,
	year = {2014},
	note = {Page Version ID: 107337605},
	file = {Snapshot:/home/antoine/.zotero/zotero/ns6tl2ih.default/zotero/storage/QA8DFX79/index.html:text/html}
}

@article{chen_planning_2013,
	title = {A {Planning} {Approach} to the {Recognition} of {Multiple} {Goals}},
	volume = {28},
	url = {http://www.cse.wustl.edu/~ychen/public/multi-goal.pdfhttp://www.cse.wustl.edu/~ychen/public/multi-goal.pdf},
	number = {3},
	journal = {International Journal of Intelligent Systems},
	author = {Chen, Jianxia and Chen, Yixin and Xu, You and Huang, Ruoyun and Chen, Zheng},
	year = {2013},
	keywords = {cost computing, intent recognition, KEY, multiple goals, planner, probabilities, STRIPS},
	pages = {203--216},
	file = {multi-goal.pdf:/home/antoine/.zotero/zotero/ns6tl2ih.default/zotero/storage/29X5TDFG/multi-goal.pdf:application/pdf}
}

@inproceedings{awais_human-robot_2010,
	title = {Human-robot collaboration by intention recognition using probabilistic state machines},
	url = {http://ieeexplore.ieee.org/xpls/abs_all.jsp?arnumber=5524605},
	urldate = {2015-01-26},
	booktitle = {Robotics in {Alpe}-{Adria}-{Danube} {Region} ({RAAD}), 2010 {IEEE} 19th {International} {Workshop} on},
	publisher = {IEEE},
	author = {Awais, Muhammad and Henrich, Dominik},
	year = {2010},
	pages = {75--80},
	file = {Awais2010a.RAAD.pdf:/home/antoine/.zotero/zotero/ns6tl2ih.default/zotero/storage/E3GN7U3H/Awais2010a.RAAD.pdf:application/pdf}
}

@inproceedings{tapus_socially_2008,
	title = {Socially {Assistive} {Robots}: {The} {Link} between {Personality}, {Empathy}, {Physiological} {Signals}, and {Task} {Performance}.},
	url = {http://www.aaai.org/Papers/Symposia/Spring/2008/SS-08-04/SS08-04-021.pdf},
	booktitle = {{AAAI} {Spring} {Symposium}: {Emotion}, {Personality}, and {Social} {Behavior}},
	author = {Tapus, Adriana and Mataric, Maja J},
	year = {2008},
	pages = {133--140},
	file = {SS08-04-021.pdf:/home/antoine/.zotero/zotero/ns6tl2ih.default/zotero/storage/KSI3RRRX/SS08-04-021.pdf:application/pdf}
}

@misc{_recurrent_2014,
	title = {Recurrent neural network},
	copyright = {Creative Commons Attribution-ShareAlike License},
	url = {https://en.wikipedia.org/w/index.php?title=Recurrent_neural_network&oldid=632666654},
	abstract = {A recurrent neural network (RNN) is a class of artificial neural network where connections between units form a directed cycle. This creates an internal state of the network which allows it to exhibit dynamic temporal behavior. Unlike feedforward neural networks, RNNs can use their internal memory to process arbitrary sequences of inputs. This makes them applicable to tasks such as unsegmented connected handwriting recognition, where they have achieved the best known results.[1]},
	language = {en},
	urldate = {2014-11-19},
	journal = {Wikipedia, the free encyclopedia},
	month = nov,
	year = {2014},
	note = {Page Version ID: 632666654},
	file = {Snapshot:/home/antoine/.zotero/zotero/ns6tl2ih.default/zotero/storage/ZN8MX5IM/index.html:text/html}
}

@article{hwang_activity_2013,
	title = {Activity inference for constructing user intention model},
	volume = {10},
	url = {http://www.doiserbia.nb.rs/Article.aspx?id=1820-02141300033H},
	number = {2},
	urldate = {2015-01-26},
	journal = {Computer Science and Information Systems},
	author = {Hwang, Myunggwon and Jeong, Do-Heon and Kim, Jinhyung and Song, Sa-Kwang and Jung, Hanmin},
	year = {2013},
	pages = {767--778},
	file = {100211.pdf:/home/antoine/.zotero/zotero/ns6tl2ih.default/zotero/storage/GHG76B28/100211.pdf:application/pdf}
}

@misc{_planification_2014,
	title = {Planification},
	copyright = {Creative Commons Attribution-ShareAlike License},
	url = {https://fr.wikipedia.org/w/index.php?title=Planification&oldid=108827657},
	abstract = {La planification est l'organisation dans le temps de la réalisation d'objectifs :},
	language = {fr},
	urldate = {2014-11-14},
	journal = {Wikipédia},
	month = nov,
	year = {2014},
	note = {Page Version ID: 108827657},
	file = {Snapshot:/home/antoine/.zotero/zotero/ns6tl2ih.default/zotero/storage/VX5DAXVT/index.html:text/html}
}

@inproceedings{ros_which_2010,
	title = {Which {One}? {Grounding} the {Referent} {Based} on {Efficient} {Human}-{Robot} {Interaction}},
	booktitle = {19th {IEEE} {International} {Symposium} in {Robot} and {Human} {Interactive} {Communication}},
	author = {Ros, Raquel and Lemaignan, Séverin and Sisbot, E. Akin and Alami, Rachid and Steinwender, Jasmin and Hamann, Katharina and Warneken, Felix},
	year = {2010}
}

@inproceedings{mendoza_oboc:_2007,
	title = {{OBOC}: {Ontology} based object categorisation for robots},
	booktitle = {Proceedings of the 4th {International} {Conference} on {Computational} {Intelligence}, {Robotics} and {Automation} ({CIRAS} 2007), {Palmerston} {North}, {New} {Zealand}. {Citeseer}},
	author = {Mendoza, Rogan and Johnston, Benjamin and Yang, Fangkai and Huang, Zhisheng and Chen, Xiaoping and Williams, Mary-Anne},
	year = {2007}
}

@article{inoue_weighted_2013,
	title = {Weighted abduction for discourse processing based on integer linear programming},
	journal = {Plan, Activity, and Intent Recognition},
	author = {Inoue, N. and Ovchinnikova, E. and Inui, K. and Hobbs, J. R.},
	year = {2013}
}

@inproceedings{geib_assessing_2004,
	title = {Assessing the complexity of plan recognition},
	url = {http://www.cs.cmu.edu/~khaigh/ILSAEXTERNALWEBSITE/content/publications/04-Geib-AAAI.pdf},
	booktitle = {{AAAI}},
	author = {Geib, Christopher W},
	year = {2004},
	pages = {507--512},
	file = {04-Geib-AAAI.pdf:/home/antoine/.zotero/zotero/ns6tl2ih.default/zotero/storage/QSWWJDS5/04-Geib-AAAI.pdf:application/pdf;main.pdf:/home/antoine/.zotero/zotero/ns6tl2ih.default/zotero/storage/FDQDB5T6/main.pdf:application/pdf}
}

@misc{_ensemble_2014,
	title = {Ensemble flou},
	copyright = {Creative Commons Attribution-ShareAlike License},
	url = {https://fr.wikipedia.org/w/index.php?title=Ensemble_flou&oldid=103903501},
	abstract = {La théorie des sous-ensembles flous[1] est une théorie mathématique du domaine de l’algèbre abstraite. Elle a été développée par Lotfi Zadeh[2] en 1965 afin de représenter mathématiquement l'imprécision relative à certaines classes d'objets et sert de fondement à la logique floue.},
	language = {fr},
	urldate = {2014-11-20},
	journal = {Wikipédia},
	month = nov,
	year = {2014},
	note = {Page Version ID: 103903501},
	file = {Snapshot:/home/antoine/.zotero/zotero/ns6tl2ih.default/zotero/storage/VV4I3JMP/index.html:text/html}
}

@inproceedings{hofmann_intent_2007,
	title = {Intent {Recognition} for {Human}-{Robot} {Interaction}.},
	url = {http://www.aaai.org/Papers/Symposia/Spring/2007/SS-07-04/SS07-04-010.pdf},
	booktitle = {Interaction {Challenges} for {Intelligent} {Assistants}},
	author = {Hofmann, Andreas G and Williams, Brian C},
	year = {2007},
	keywords = {human-robot communication, intent recognition, markov chain},
	pages = {60--61},
	file = {Intent Recognition for HR.pdf:/home/antoine/.zotero/zotero/ns6tl2ih.default/zotero/storage/SSZ87U39/Intent Recognition for HR.pdf:application/pdf}
}

@inproceedings{hogberg_weighted_2010,
	title = {Weighted unranked tree automata as a framework for plan recognition},
	url = {http://ieeexplore.ieee.org/xpls/abs_all.jsp?arnumber=5711969},
	urldate = {2014-11-25},
	booktitle = {Information {Fusion} ({FUSION}), 2010 13th {Conference} on},
	publisher = {IEEE},
	author = {Högberg, J. and Kaati, Lisa},
	year = {2010},
	pages = {1--8},
	file = {IEEE Xplore Abstract - Weighted unranked tree automata as a framework for plan recognition:/home/antoine/.zotero/zotero/ns6tl2ih.default/zotero/storage/RC9P9Q3M/login.html:text/html}
}

@misc{_ros/tutorials_????,
	title = {{ROS}/{Tutorials} - {ROS} {Wiki}},
	url = {http://wiki.ros.org/ROS/Tutorials},
	urldate = {2015-04-16},
	note = {00000},
	file = {ROS/Tutorials - ROS Wiki:/home/antoine/.zotero/zotero/ns6tl2ih.default/zotero/storage/3ZQXIJH3/Tutorials.html:text/html}
}

@phdthesis{avrahami-zilberbrand_efficient_2009,
	title = {Efficient {Hybrid} {Algorithms} for {Plan} {Recognition} and {Detection} of {Suspicious} and {Anomalous} {Behavior}},
	url = {http://u.cs.biu.ac.il/~galk/Publications/Papers/dorit-phd.pdf},
	school = {Bar Ilan University},
	author = {Avrahami-Zilberbrand, Dorit},
	year = {2009},
	file = {dorit-phd.pdf:/home/antoine/.zotero/zotero/ns6tl2ih.default/zotero/storage/W3RVXRXA/dorit-phd.pdf:application/pdf}
}

@article{srinivasa_herb:_2010,
	title = {{HERB}: a home exploring robotic butler},
	volume = {28},
	url = {http://www.ri.cmu.edu/pub_files/2010/1/HERB09.pdf},
	number = {1},
	journal = {Autonomous Robots},
	author = {Srinivasa, Siddhartha S and Ferguson, Dave and Helfrich, Casey J and Berenson, Dmitry and Collet, Alvaro and Diankov, Rosen and Gallagher, Garratt and Hollinger, Geoffrey and Kuffner, James and Weghe, Michael Vande},
	year = {2010},
	pages = {5--20},
	file = {HERB09.pdf:/home/antoine/.zotero/zotero/ns6tl2ih.default/zotero/storage/5CRMEBTD/HERB09.pdf:application/pdf}
}

@misc{_convolutional_2014,
	title = {Convolutional neural network},
	copyright = {Creative Commons Attribution-ShareAlike License},
	url = {https://en.wikipedia.org/w/index.php?title=Convolutional_neural_network&oldid=633851886},
	abstract = {In computer science, a convolutional neural network is a type of feed-forward artificial neural network where the individual neurons are tiled in such a way that they respond to overlapping regions in the visual field.[1] Convolutional networks were inspired by biological processes[2] and are variations of multilayer perceptrons which are designed to use minimal amounts of preprocessing.[3] They are widely used models for image recognition.[4]},
	language = {en},
	urldate = {2014-11-19},
	journal = {Wikipedia, the free encyclopedia},
	month = nov,
	year = {2014},
	note = {Page Version ID: 633851886},
	file = {Snapshot:/home/antoine/.zotero/zotero/ns6tl2ih.default/zotero/storage/QFQ35WPQ/index.html:text/html}
}

@inproceedings{cortellessa_cross-cultural_2008,
	title = {A {Cross}-{Cultural} {Evaluation} of {Domestic} {Assistive} {Robots}.},
	url = {http://www.aaai.org/Papers/Symposia/Fall/2008/FS-08-02/FS08-02-005.pdf},
	booktitle = {{AAAI} {Fall} {Symposium}: {AI} in {Eldercare}: {New} {Solutions} to {Old} {Problems}},
	author = {Cortellessa, Gabriella and Scopelliti, Massimiliano and Tiberio, Lorenza and Svedberg, Gion Koch and Loutfi, Amy and Pecora, Federico},
	year = {2008},
	keywords = {human-robot communication, sociology},
	pages = {24--31},
	file = {Cross-Cultural.pdf:/home/antoine/.zotero/zotero/ns6tl2ih.default/zotero/storage/R7JN47FN/Cross-Cultural.pdf:application/pdf}
}

@misc{_rise_????,
	title = {The rise of the robotic servant},
	url = {http://www.engadget.com/2014/11/23/the-rise-of-the-robotic-servant/},
	abstract = {Chores are the bane of domesticity. Dull and repetitive tasks have already been farmed out to robots in industrial workplaces, so why not our homes, too?},
	urldate = {2014-11-24},
	journal = {Engadget},
	file = {Snapshot:/home/antoine/.zotero/zotero/ns6tl2ih.default/zotero/storage/Z564WIXP/the-rise-of-the-robotic-servant.html:text/html}
}

@misc{_fuzzy_2014,
	title = {Fuzzy logic},
	copyright = {Creative Commons Attribution-ShareAlike License},
	url = {https://en.wikipedia.org/w/index.php?title=Fuzzy_logic&oldid=629413470},
	abstract = {Fuzzy logic is a form of many-valued logic; it deals with reasoning that is approximate rather than fixed and exact. Compared to traditional binary sets (where variables may take on true or false values), fuzzy logic variables may have a truth value that ranges in degree between 0 and 1. Fuzzy logic has been extended to handle the concept of partial truth, where the truth value may range between completely true and completely false.[1] Furthermore, when linguistic variables are used, these degrees may be managed by specific functions. Irrationality can be described in terms of what is known as the fuzzjective.[2]},
	language = {en},
	urldate = {2014-10-14},
	journal = {Wikipedia, the free encyclopedia},
	month = oct,
	year = {2014},
	note = {Page Version ID: 629413470},
	file = {Snapshot:/home/antoine/.zotero/zotero/ns6tl2ih.default/zotero/storage/G6M8V4UI/index.html:text/html}
}

@misc{_darpas_????,
	title = {{DARPA}'s new tech lets robots learn from {YouTube} videos},
	url = {http://www.engadget.com/2015/01/30/darpa-robot-videos/},
	abstract = {Things would be a lot easier for roboticists if their creations can learn from any instructional video they watch without further programming. While we'r},
	urldate = {2015-01-30},
	journal = {Engadget},
	file = {Snapshot:/home/antoine/.zotero/zotero/ns6tl2ih.default/zotero/storage/EDQZTHPB/darpa-robot-videos.html:text/html}
}

@inproceedings{amigoni_application_2005,
	title = {An application of ontology technologies to robotic agents},
	booktitle = {Intelligent {Agent} {Technology}, {IEEE}/{WIC}/{ACM} {International} {Conference} on},
	author = {Amigoni, Francesco and Neri, Mario Arrigoni},
	year = {2005},
	keywords = {ontology, robot},
	pages = {751--754},
	file = {VG-An_Application_of_Ontology_Technologies_to_Robotic_Agents.pdf:/home/antoine/.zotero/zotero/ns6tl2ih.default/zotero/storage/EH6PE2IR/VG-An_Application_of_Ontology_Technologies_to_Robotic_Agents.pdf:application/pdf}
}

@misc{_bonjour_2013,
	title = {Bonjour (software)},
	copyright = {Creative Commons Attribution-ShareAlike License},
	url = {https://en.wikipedia.org/w/index.php?title=Bonjour_(software)&oldid=564440108},
	abstract = {Bonjour is Apple's implementation of Zero configuration networking (Zeroconf), a group of technologies that includes service discovery, address assignment, and hostname resolution. Bonjour locates devices such as printers, other computers, and the services that those devices offer on a local network using multicast Domain Name System (mDNS) service records.},
	language = {en},
	urldate = {2013-07-24},
	journal = {Wikipedia, the free encyclopedia},
	month = jul,
	year = {2013},
	note = {Page Version ID: 564440108},
	file = {Snapshot:/home/antoine/.zotero/zotero/ns6tl2ih.default/zotero/storage/IEK6JXHQ/index.html:text/html}
}

@phdthesis{niveau_knowledge_2012,
	title = {Knowledge {Compilation} for {Online} {Decision}-{Making}: {Application} to the {Control} of {Autonomous} {Systems}},
	shorttitle = {Knowledge {Compilation} for {Online} {Decision}-{Making}},
	url = {https://niveau.users.greyc.fr/pub/ANiveau_PhD_EN.pdf},
	urldate = {2015-01-26},
	school = {Toulouse 3},
	author = {Niveau, Alexandre},
	year = {2012},
	file = {@ANiveau_PhD_EN.pdf:/home/antoine/.zotero/zotero/ns6tl2ih.default/zotero/storage/UNX5JG9K/@ANiveau_PhD_EN.pdf:application/pdf;ANiveau_PhD_EN.pdf:/home/antoine/.zotero/zotero/ns6tl2ih.default/zotero/storage/MCW5MRF2/ANiveau_PhD_EN.pdf:application/pdf}
}

@inproceedings{blaylock_fast_2006,
	title = {Fast hierarchical goal schema recognition},
	volume = {21},
	url = {http://www.aaai.org/Papers/AAAI/2006/AAAI06-126.pdf},
	urldate = {2015-01-29},
	booktitle = {Proceedings of the {National} {Conference} on {Artificial} {Intelligence}},
	publisher = {Menlo Park, CA; Cambridge, MA; London; AAAI Press; MIT Press; 1999},
	author = {Blaylock, Nate and Allen, James},
	year = {2006},
	pages = {796},
	file = {AAAI06-126.pdf:/home/antoine/.zotero/zotero/ns6tl2ih.default/zotero/storage/C6RW5WQI/AAAI06-126.pdf:application/pdf}
}

@misc{_andor_2014,
	title = {And–or tree},
	copyright = {Creative Commons Attribution-ShareAlike License},
	url = {https://en.wikipedia.org/w/index.php?title=And%E2%80%93or_tree&oldid=607124953},
	abstract = {An and–or tree is a graphical representation of the reduction of problems (or goals) to conjunctions and disjunctions of subproblems (or subgoals).},
	language = {en},
	urldate = {2014-11-10},
	journal = {Wikipedia, the free encyclopedia},
	month = oct,
	year = {2014},
	note = {Page Version ID: 607124953},
	file = {Snapshot:/home/antoine/.zotero/zotero/ns6tl2ih.default/zotero/storage/4GZVE4EX/index.html:text/html}
}

@inproceedings{feil-seifer_defining_2005,
	title = {Defining socially assistive robotics},
	url = {http://robotics.usc.edu/publications/media/uploads/pubs/442.pdf},
	booktitle = {Rehabilitation {Robotics}, 2005. {ICORR} 2005. 9th {International} {Conference} on},
	publisher = {IEEE},
	author = {Feil-Seifer, David and Mataric, Maja J},
	year = {2005},
	pages = {465--468},
	file = {Defining Socially Assistive Robotics.pdf:/home/antoine/.zotero/zotero/ns6tl2ih.default/zotero/storage/PTIXWW53/Defining Socially Assistive Robotics.pdf:application/pdf}
}

@inproceedings{matignon_model_2010,
	title = {A {Model} for {Verbal} and {Non}-{Verbal} {Human}-{Robot} {Collaboration}.},
	url = {http://www.aaai.org/ocs/index.php/FSS/FSS10/paper/download/2215/2760},
	urldate = {2014-12-02},
	booktitle = {{AAAI} {Fall} {Symposium}: {Dialog} with {Robots}},
	author = {Matignon, Laëtitia and Karami, Abir-Beatrice and Mouaddib, Abdel-Illah},
	year = {2010},
	file = {2760.pdf:/home/antoine/.zotero/zotero/ns6tl2ih.default/zotero/storage/ZBGTSM9Q/2760.pdf:application/pdf}
}

@book{charniak_introduction_1985,
	title = {Introduction to artificial intelligence},
	publisher = {Pearson Education India},
	author = {Charniak, Eugene},
	year = {1985}
}

@misc{_f-logic_2014,
	title = {F-logic},
	copyright = {Creative Commons Attribution-ShareAlike License},
	url = {https://en.wikipedia.org/w/index.php?title=F-logic&oldid=609557517},
	abstract = {F-logic (frame logic) is a knowledge representation and ontology language. F-logic combines the advantages of conceptual modeling with object-oriented, frame-based languages and offers a declarative, compact and simple syntax, as well as the well-defined semantics of a logic-based language. Features include, among others, object identity, complex objects, inheritance, polymorphism, query methods, encapsulation. F-logic stands in the same relationship to object-oriented programming as classical predicate calculus stands to relational database programming.
F-logic was developed by Michael Kifer at Stony Brook University and Georg Lausen at the University of Mannheim. F-logic was originally developed for deductive databases, but is now most frequently used for semantic technologies, especially the Semantic Web. F-logic is considered as one of the formalisms for ontologies, but description logic (DL) is more popular and accepted, as is the DL-based OWL.
A development environment for F-logic was developed in the NeOn project and is also used in a range of applications for information integration, question answering and semantic search. Prior to the version 4 of Protégé ontology editor, F-Logic is supported as one of the two kinds of ontology.
The frame syntax of the Rule Interchange Format Basic Logic Dialect (RIF BLD) standardized by the World Wide Web Consortium is based on F-logic; RIF BLD however does not include non-monotonic reasoning features of F-logic.
In contrast to description logic based ontology formalism the semantics of F-logic are normally that of a closed world assumption as opposed to DL's open world assumption. Also, F-logic is generally undecidable, whereas the SHOIN description logic that OWL DL is based on is decidable. However it is possible to represent more expressive statements in F-logic than are possible with description logics.
The most comprehensive description of F-logic appears in. The preliminary paper  has won the 1999 Test of Time Award from ACM SIGMOD. A followup paper  has won the 2002 Test of Time Award from ACM SIGMOD.},
	language = {en},
	urldate = {2015-05-05},
	journal = {Wikipedia, the free encyclopedia},
	month = may,
	year = {2014},
	note = {Page Version ID: 609557517},
	file = {Snapshot:/home/antoine/.zotero/zotero/ns6tl2ih.default/zotero/storage/X24RZKR3/index.html:text/html}
}

@misc{_heuristic_2015,
	title = {Heuristic},
	copyright = {Creative Commons Attribution-ShareAlike License},
	url = {https://en.wikipedia.org/w/index.php?title=Heuristic&oldid=643972822},
	abstract = {Heuristic (/hjʉˈrɪstɨk/; Greek: "Εὑρίσκω", "find" or "discover") refers to experience-based techniques for problem solving, learning, and discovery that find a solution which is not guaranteed to be optimal, but good enough for a given set of goals. Where the exhaustive search is impractical, heuristic methods are used to speed up the process of finding a satisfactory solution via mental shortcuts to ease the cognitive load of making a decision. Examples of this method include using a rule of thumb, an educated guess, an intuitive judgment, stereotyping, profiling, or common sense.},
	language = {en},
	urldate = {2015-01-27},
	journal = {Wikipedia, the free encyclopedia},
	month = jan,
	year = {2015},
	note = {Page Version ID: 643972822},
	file = {Snapshot:/home/antoine/.zotero/zotero/ns6tl2ih.default/zotero/storage/Q57DNRBG/index.html:text/html}
}

@misc{steven_m._lavalle_bidirectional_2006,
	title = {Bidirectional search},
	url = {http://planning.cs.uiuc.edu/node50.html},
	author = {{Steven M. LaValle}},
	year = {2006},
	file = {Bidirectional search:/home/antoine/.zotero/zotero/ns6tl2ih.default/zotero/storage/RNHPWIBW/node50.html:text/html}
}

@article{jorge_exploring_2014,
	title = {Exploring the {IEEE} ontology for robotics and automation for heterogeneous agent interaction},
	url = {http://www.sciencedirect.com/science/article/pii/S0736584514000660},
	urldate = {2014-12-08},
	journal = {Robotics and Computer-Integrated Manufacturing},
	author = {Jorge, Vitor AM and Rey, Vitor F. and Maffei, Renan and Fiorini, Sandro Rama and Carbonera, Joel Luis and Branchi, Flora and Meireles, João P. and Franco, Guilherme S. and Farina, Flávia and da Silva, Tatiana S. and {others}},
	year = {2014},
	file = {1-s2.0-S0736584514000660-main.pdf:/home/antoine/.zotero/zotero/ns6tl2ih.default/zotero/storage/SSANJTKK/1-s2.0-S0736584514000660-main.pdf:application/pdf;Snapshot:/home/antoine/.zotero/zotero/ns6tl2ih.default/zotero/storage/QFWZZD9P/S0736584514000660.html:text/html}
}

@article{broekens_assistive_2009,
	title = {Assistive social robots in elderly care: a review},
	volume = {8},
	url = {http://gerontechnology.info/index.php/journal/article/download/gt.2009.08.02.002.00/997},
	number = {2},
	journal = {Gerontechnology},
	author = {Broekens, Joost and Heerink, Marcel and Rosendal, Henk},
	year = {2009},
	keywords = {human-robot communication, robot, social},
	pages = {94--103},
	file = {997.pdf:/home/antoine/.zotero/zotero/ns6tl2ih.default/zotero/storage/5PQQ4PAJ/997.pdf:application/pdf}
}

@misc{_sigmoid_2014,
	title = {Sigmoid function},
	copyright = {Creative Commons Attribution-ShareAlike License},
	url = {https://en.wikipedia.org/w/index.php?title=Sigmoid_function&oldid=622869132},
	abstract = {A sigmoid function is a mathematical function having an "S" shape (sigmoid curve). Often, sigmoid function refers to the special case of the logistic function shown in the first figure and defined by the formula},
	language = {en},
	urldate = {2014-10-13},
	journal = {Wikipedia, the free encyclopedia},
	month = oct,
	year = {2014},
	note = {Page Version ID: 622869132},
	file = {Snapshot:/home/antoine/.zotero/zotero/ns6tl2ih.default/zotero/storage/S6QJXCTC/index.html:text/html}
}

@misc{_backward_2015,
	title = {Backward chaining},
	copyright = {Creative Commons Attribution-ShareAlike License},
	url = {https://en.wikipedia.org/w/index.php?title=Backward_chaining&oldid=647825529},
	abstract = {Backward chaining (or backward reasoning) is an inference method that can be described (in lay terms) as working backward from the goal(s). It is used in automated theorem provers, inference engines, proof assistants and other artificial intelligence applications.
In game theory, its application to (simpler) subgames in order to find a solution to the game is called backward induction. In chess, it is called retrograde analysis, and it is used to generate tablebases for chess endgames for computer chess.
Backward chaining is implemented in logic programming by SLD resolution. Both rules are based on the modus ponens inference rule. It is one of the two most commonly used methods of reasoning with inference rules and logical implications – the other is forward chaining. Backward chaining systems usually employ a depth-first search strategy, e.g. Prolog.},
	language = {en},
	urldate = {2015-02-23},
	journal = {Wikipedia, the free encyclopedia},
	month = feb,
	year = {2015},
	note = {Page Version ID: 647825529},
	file = {Snapshot:/home/antoine/.zotero/zotero/ns6tl2ih.default/zotero/storage/D4WCQVGG/index.html:text/html}
}

@inproceedings{inoue_ilp-based_2011,
	title = {{ILP}-{Based} {Reasoning} for {Weighted} {Abduction}.},
	url = {http://www.cl.ecei.tohoku.ac.jp/~naoya-i/resources/pair2011_paper.pdf},
	urldate = {2015-04-02},
	booktitle = {Plan, {Activity}, and {Intent} {Recognition}},
	author = {Inoue, Naoya and Inui, Kentaro},
	year = {2011},
	file = {[PDF] à partir de tohoku.ac.jp:/home/antoine/.zotero/zotero/ns6tl2ih.default/zotero/storage/ZP827VJB/Inoue et Inui - 2011 - ILP-Based Reasoning for Weighted Abduction..pdf:application/pdf}
}

@article{banerjee_complexity_2014,
	title = {The complexity of multi-agent plan recognition},
	url = {http://link.springer.com/article/10.1007/s10458-014-9248-2},
	urldate = {2014-11-25},
	journal = {Autonomous Agents and Multi-Agent Systems},
	author = {Banerjee, Bikramjit and Lyle, Jeremy and Kraemer, Landon},
	year = {2014},
	pages = {1--33},
	file = {The complexity of multi-agent plan recognition - Springer:/home/antoine/.zotero/zotero/ns6tl2ih.default/zotero/storage/75827U9X/s10458-014-9248-2.html:text/html}
}

@article{ingrand_architecture_1992,
	title = {An architecture for real-time reasoning and system control},
	volume = {7},
	url = {http://ieeexplore.ieee.org/xpls/abs_all.jsp?arnumber=180407},
	number = {6},
	urldate = {2014-11-25},
	journal = {IEEE expert},
	author = {Ingrand, François Felix and Georgeff, Michael P. and Rao, Anand S.},
	year = {1992},
	pages = {34--44},
	file = {IEEE Xplore Abstract - An architecture for real-time reasoning and system control:/home/antoine/.zotero/zotero/ns6tl2ih.default/zotero/storage/UWT5MHAU/login.html:text/html}
}

@book{korzybski_science_1958,
	address = {Lakeville, Conn.},
	title = {Science and sanity; an introduction to non-{Aristotelian} systems and general semantics.},
	isbn = {0-937298-01-8 978-0-937298-01-5},
	language = {English},
	publisher = {International Non-Aristotelian Library Pub. Co.; distributed by Institute of General Semantics},
	author = {Korzybski, Alfred},
	year = {1958}
}

@misc{_theorie_2014,
	title = {Théorie de l'ordonnancement},
	copyright = {Creative Commons Attribution-ShareAlike License},
	url = {https://fr.wikipedia.org/w/index.php?title=Th%C3%A9orie_de_l%27ordonnancement&oldid=102957355},
	abstract = {La théorie de l'ordonnancement est une branche de la recherche opérationnelle qui s'intéresse au calcul de dates d'exécution optimales de tâches. Pour cela, il est très souvent nécessaire d'affecter en même temps les ressources nécessaires à l'exécution de ces tâches. Un problème d'ordonnancement peut être considéré comme un sous-problème de planification dans lequel il s'agit de décider de l'exécution opérationnelle des tâches planifiées.},
	language = {fr},
	urldate = {2014-11-14},
	journal = {Wikipédia},
	month = sep,
	year = {2014},
	note = {Page Version ID: 102957355},
	file = {Snapshot:/home/antoine/.zotero/zotero/ns6tl2ih.default/zotero/storage/7DVQNHBM/index.html:text/html}
}

@incollection{avrahami-zilberbrand_keyhole_2014,
	title = {Keyhole {Adversarial} {Plan} {Recognition} for {Recognition} of {Suspicious} and {Anomalous} {Behavior}},
	url = {http://u.cs.biu.ac.il/~galk/Publications/Papers/pairbook.pdf},
	abstract = {A key application of plan recognition is to adversarial settings. There are two approaches to adversarial plan recognition. The first is {\textbackslash}emphsuspicious activity recognition, i.e., directly recognizing plans, activities and behaviors that are known to be suspect (e.g., carrying a suitcase, then leaving it behind in a dense area). The second is {\textbackslash}emphanomalous activity recognition, in which we \textit{indirectly} recognize suspect behavior, by first ruling out normal, non-suspect, behaviors as explanations for the observations. Different challenges are raised in pursuing these two approaches. In this work we present set of efficient plan recognition algorithms that are capable of handling the variety of challenges required of realistic adversarial plan recognition tasks. We describe an efficient hybrid adversarial plan recognition system that is composed of two processes: a plan recognizer capable of efficiently detecting anomalous behavior, and a utility-based plan-recognizer (UPR) incorporating the observer's own biases—in the form of a utility function—into the plan recognition process. This allows choosing recognition hypotheses based on their expected cost to the observer. These two components form a highly efficient adversarial plan recognizer capable of recognizing abnormal and potentially dangerous activities. We evaluate the system with extensive experiments, using real-world and simulated activity data, from a variety of sources.},
	booktitle = {Plan, {Activity}, and {Intent} {Recognition}},
	publisher = {Morgan Kaufmann},
	author = {Avrahami-Zilberbrand, Dorit and Kaminka, Gal A.},
	editor = {Sukthankar, Gita and Goldman, Robert P. and Geib, Christopher and Pynadath, David V. and Bui, Hung},
	year = {2014},
	note = {In press},
	file = {pairbook.pdf:/home/antoine/.zotero/zotero/ns6tl2ih.default/zotero/storage/9TPJJJVN/pairbook.pdf:application/pdf}
}

@misc{_search_????,
	title = {Search {Animated} {GIFs} on the {Web}},
	url = {http://giphy.com/},
	abstract = {Giphy is how you search, share, and discover GIFs.},
	urldate = {2015-04-15},
	journal = {Giphy},
	note = {00000},
	file = {Snapshot:/home/antoine/.zotero/zotero/ns6tl2ih.default/zotero/storage/UPIPP6P9/fDdVNus5ztt7O.html:text/html}
}

@article{tahboub_intelligent_2006,
	title = {Intelligent human-machine interaction based on dynamic bayesian networks probabilistic intention recognition},
	volume = {45},
	url = {http://link.springer.com/article/10.1007/s10846-005-9018-0},
	number = {1},
	urldate = {2014-11-25},
	journal = {Journal of Intelligent and Robotic Systems},
	author = {Tahboub, Karim A.},
	year = {2006},
	pages = {31--52},
	file = {Intelligent Human-Machine Interaction Based on Dynamic Bayesian Networks Probabilistic Intention Recognition - Springer:/home/antoine/.zotero/zotero/ns6tl2ih.default/zotero/storage/MQNMRWXR/s10846-005-9018-0.html:text/html}
}

@misc{_romeo_????,
	title = {Romeo, le robot humanoïde «made in {France}» enfin dévoilé},
	url = {http://www.lefigaro.fr/secteur/high-tech/2014/03/18/01007-20140318ARTFIG00108-romeo-le-robot-humanoide-made-in-france-devoile-pour-la-premiere-fois.php},
	urldate = {2015-04-15}
}

@inproceedings{rosenthal_learning_2011,
	title = {Learning {Accuracy} and {Availability} of {Humans} {Who} {Help} {Mobile} {Robots}.},
	url = {http://www.aaai.org/ocs/index.php/AAAI/AAAI11/paper/download/3665/4114},
	urldate = {2014-12-02},
	booktitle = {{AAAI}},
	author = {Rosenthal, Stephanie and Veloso, Manuela M. and Dey, Anind K.},
	year = {2011},
	file = {4114.pdf:/home/antoine/.zotero/zotero/ns6tl2ih.default/zotero/storage/VIE6WN75/4114.pdf:application/pdf}
}

@misc{_logique_2014,
	title = {Logique floue},
	copyright = {Creative Commons Attribution-ShareAlike License},
	url = {https://fr.wikipedia.org/w/index.php?title=Logique_floue&oldid=108615467},
	abstract = {La logique floue (fuzzy logic, en anglais) est une extension de la logique classique aux raisonnements approchés. Par ses aspects numériques, elle s'oppose aux logiques modales.},
	language = {fr},
	urldate = {2014-11-20},
	journal = {Wikipédia},
	month = nov,
	year = {2014},
	note = {Page Version ID: 108615467},
	file = {Snapshot:/home/antoine/.zotero/zotero/ns6tl2ih.default/zotero/storage/5DJXPA5B/index.html:text/html}
}

@misc{_rdf_2013,
	title = {{RDF} {Schema}},
	copyright = {Creative Commons Attribution-ShareAlike License},
	url = {https://en.wikipedia.org/w/index.php?title=RDF_Schema&oldid=561974869},
	abstract = {RDF Schema (variously abbreviated as RDFS, RDF(S), RDF-S, or RDF/S) is a set of classes with certain properties using the RDF extensible knowledge representation language, providing basic elements for the description of ontologies, otherwise called RDF vocabularies, intended to structure RDF resources. These resources can be saved in a triplestore to reach them with the query language SPARQL.},
	language = {en},
	urldate = {2013-07-19},
	journal = {Wikipedia, the free encyclopedia},
	month = jul,
	year = {2013},
	note = {Page Version ID: 561974869},
	file = {Snapshot:/home/antoine/.zotero/zotero/ns6tl2ih.default/zotero/storage/FFBTIBXW/index.html:text/html}
}

@misc{_robocup_????,
	title = {{RoboCup} @{Home} « {RoboCup}},
	url = {http://www.robocup.org/robocup-home/},
	urldate = {2014-12-18},
	file = {Snapshot:/home/antoine/.zotero/zotero/ns6tl2ih.default/zotero/storage/GHIA94TV/robocup-home.html:text/html}
}

@phdthesis{vidal_comportements_2014,
	address = {UMR 7606 Laboratoire d'informatique de Paris 6},
	title = {Comportements d'{Agents} en {Mouvement} : {Une} {Approche} {Cognitive} pour la {Reconnaissance} d’{Intentions}},
	abstract = {Cette recherche recouvre des intérêts majeurs notamment pour les applications traitant de la surveillance d'une zone par exemple : circulation maritime, feux de forêts, déplacement de troupes, etc. Automatiser une telle tâche ou, tout au moins, assister un opérateur dans l'accomplissement de cette tâche, nécessite de développer un système d'interprétation de situations capable, à partir d'observations de nature très diverse et arrivant de manière erratique (position, vitesse, type.), de caractériser progressivement et de mieux en mieux chacune des entités concernées. Ce système doit ensuite raisonner afin d'identifier les comportements possibles (individuels ou collectifs) de chacune de ces entités et donc par voie de conséquence, être capable d'en déduire des indications sur leurs intentions.

Les problématiques techniques que nous nous attacherons à résoudre seront multiples. En effet, il sera tout d'abord essentiel de pouvoir disposer de techniques et d'algorithmes permettant de prendre en compte l'absence de données et ce potentiellement sur de longues périodes d'observations (zone de couverture d'une patrouille maritime limitée). De plus, les scénarios envisagés nous imposent de pouvoir considérer les intentions de groupes d'agents, tels que deux navires exhibant des comportements individuels différents, mais agissant dans un but commun. Enfin, un problème difficile sera à résoudre, à savoir la reconnaissance du comportement récursif d'un agent en cours d'exécution (absence d'amorçage).

Le résultat attendu de la thèse est la possibilité offerte à un expert du domaine associé à un « cogniticien » de constituer la base des connaissances nécessaires à la détermination des intentions des agents observés. Pour cela un langage de représentation sera défini ainsi que les algorithmes de reconnaissance capables de l'exploiter. Un démonstrateur appliqué à l'un des scénarios de surveillance précédemment décrits sera réalisé.},
	language = {Français},
	school = {Université Pierre \& Marie Curie - Paris 6},
	author = {Vidal, Nicolas},
	month = sep,
	year = {2014},
	keywords = {grammar, logic},
	file = {SlidesThesis.pdf:/home/antoine/.zotero/zotero/ns6tl2ih.default/zotero/storage/KTKJKW6A/SlidesThesis.pdf:application/pdf;THESE DE DOCTORAT-2014-07-14.pdf:/home/antoine/.zotero/zotero/ns6tl2ih.default/zotero/storage/DXGPFVDM/THESE DE DOCTORAT-2014-07-14.pdf:application/pdf;THESE DE DOCTORAT-2014-07-14.pdf:/home/antoine/.zotero/zotero/ns6tl2ih.default/zotero/storage/UWE8ETRI/THESE DE DOCTORAT-2014-07-14.pdf:application/pdf}
}

@misc{_web_2013,
	title = {Web {Services} {Description} {Language}},
	copyright = {Creative Commons Attribution-ShareAlike License},
	url = {https://en.wikipedia.org/w/index.php?title=Web_Services_Description_Language&oldid=562740430},
	abstract = {The Web Services Description Language is an XML-based interface description language that is used for describing the functionality offered by a web service. A WSDL description of a web service (also referred to as a WSDL file) provides a machine-readable description of how the service can be called, what parameters it expects, and what data structures it returns. It thus serves a purpose that corresponds roughly to that of a method signature in a programming language.},
	language = {en},
	urldate = {2013-07-24},
	journal = {Wikipedia, the free encyclopedia},
	month = jul,
	year = {2013},
	note = {Page Version ID: 562740430},
	file = {Snapshot:/home/antoine/.zotero/zotero/ns6tl2ih.default/zotero/storage/FIAGM7Q3/index.html:text/html}
}

@misc{_ethical_????,
	title = {Ethical trap: robot paralysed by choice of who to save - tech - 14 {September} 2014 - {New} {Scientist}},
	shorttitle = {Ethical trap},
	url = {http://www.newscientist.com/article/mg22329863.700#.VBclIS5dVAE},
	abstract = {Can a robot learn right from wrong? Attempts to imbue robots, self-driving cars and military machines with a sense of ethics reveal just how hard this is},
	urldate = {2014-09-25},
	keywords = {autonomous, decision-making, ethics, military, robot, technology},
	file = {Ethical trap_ robot paralysed by choice of who to save - tech - 14 September 2014 - New Scientist.pdf:/home/antoine/.zotero/zotero/ns6tl2ih.default/zotero/storage/W32V5CKC/Ethical trap_ robot paralysed by choice of who to save - tech - 14 September 2014 - New Scientist.pdf:application/pdf;Snapshot:/home/antoine/.zotero/zotero/ns6tl2ih.default/zotero/storage/2VJC2FZS/mg22329863.html:text/html}
}

@article{raghavana_plan_????,
	title = {Plan {Recognition} using {Statistical} {Relational} {Models}},
	url = {http://www.cs.utexas.edu/users/ml/papers/raghavan.bookchapter14.pdf},
	urldate = {2015-01-29},
	author = {Raghavana, Sindhu and Singlab, Parag and Mooneya, Raymond J.},
	file = {raghavan.bookchapter14.pdf:/home/antoine/.zotero/zotero/ns6tl2ih.default/zotero/storage/JMMQS34D/raghavan.bookchapter14.pdf:application/pdf}
}

@article{baker_action_2009,
	title = {Action understanding as inverse planning},
	volume = {113},
	url = {http://www.sciencedirect.com/science/article/pii/S0010027709001607},
	number = {3},
	urldate = {2014-12-19},
	journal = {Cognition},
	author = {Baker, Chris L. and Saxe, Rebecca and Tenenbaum, Joshua B.},
	year = {2009},
	keywords = {Bayesian, planner, ToM},
	pages = {329--349},
	file = {@Baker et al. - 2009 - Action understanding as inverse planning.pdf:/home/antoine/.zotero/zotero/ns6tl2ih.default/zotero/storage/7SWNS6MH/@Baker et al. - 2009 - Action understanding as inverse planning.pdf:application/pdf;cognition2009-appendix.pdf:/home/antoine/.zotero/zotero/ns6tl2ih.default/zotero/storage/PFZTJ4PJ/cognition2009-appendix.pdf:application/pdf;cognition2009.pdf:/home/antoine/.zotero/zotero/ns6tl2ih.default/zotero/storage/J4PHZAB8/cognition2009.pdf:application/pdf}
}

@misc{_subsumption_2014,
	title = {Subsumption architecture},
	copyright = {Creative Commons Attribution-ShareAlike License},
	url = {https://en.wikipedia.org/w/index.php?title=Subsumption_architecture&oldid=595341204},
	abstract = {Subsumption architecture is a reactive robotic architecture heavily associated with behavior-based robotics. The term was introduced by Rodney Brooks and colleagues in 1986.[1][2][3] Subsumption has been widely influential in autonomous robotics and elsewhere in real-time AI.},
	language = {en},
	urldate = {2014-10-27},
	journal = {Wikipedia, the free encyclopedia},
	month = oct,
	year = {2014},
	note = {Page Version ID: 595341204},
	file = {Snapshot:/home/antoine/.zotero/zotero/ns6tl2ih.default/zotero/storage/JPERVNBE/index.html:text/html}
}

@inproceedings{talamadupula_coordination_2014,
	title = {Coordination in human-robot teams using mental modeling and plan recognition},
	url = {http://ieeexplore.ieee.org/xpls/abs_all.jsp?arnumber=6942970},
	urldate = {2015-02-16},
	booktitle = {Intelligent {Robots} and {Systems} ({IROS} 2014), 2014 {IEEE}/{RSJ} {International} {Conference} on},
	publisher = {IEEE},
	author = {Talamadupula, Kartik and Briggs, Gordon and Chakraborti, Tathagata and Scheutz, Matthias and Kambhampati, Subbarao},
	year = {2014},
	pages = {2957--2962},
	file = {iros14.pdf:/home/antoine/.zotero/zotero/ns6tl2ih.default/zotero/storage/ZJV5KFWI/iros14.pdf:application/pdf}
}

@misc{_google_????,
	title = {Google : un brevet pour doter les robots domestiques de personnalités téléchargeables},
	shorttitle = {Google},
	url = {http://www.lesechos.fr/tech-medias/hightech/0204278487311-google-un-brevet-pour-doter-les-robots-domestiques-de-personnalites-telechargeables-1108300.php#Xtor=AD-6000},
	abstract = {De nombreux auteurs de science-fiction l'ont décrit dans des livres mais aussi au cinéma et à la télévision, à l'image de la récente série...},
	urldate = {2015-04-15},
	journal = {lesechos.fr},
	note = {00000},
	file = {Snapshot:/home/antoine/.zotero/zotero/ns6tl2ih.default/zotero/storage/T6EPI898/0204278487311-google-un-brevet-pour-doter-les-robots-domestiques-de-personnalites-telechargeabl.html:text/html}
}

@inproceedings{dindo_motor_2011,
	title = {Motor simulation via coupled internal models using sequential {Monte} {Carlo}},
	volume = {22},
	url = {http://citeseerx.ist.psu.edu/viewdoc/download?doi=10.1.1.208.6129&rep=rep1&type=pdf},
	urldate = {2015-02-16},
	booktitle = {{IJCAI} {Proceedings}-{International} {Joint} {Conference} on {Artificial} {Intelligence}},
	publisher = {Citeseer},
	author = {Dindo, Haris and Zambuto, Daniele and Pezzulo, Giovanni},
	year = {2011},
	pages = {2113},
	file = {download.pdf:/home/antoine/.zotero/zotero/ns6tl2ih.default/zotero/storage/Q7QUG6QG/download.pdf:application/pdf}
}

@article{penberthy_ucpop:_1992,
	title = {{UCPOP}: {A} {Sound}, {Complete}, {Partial} {Order} {Planner} for {ADL}.},
	volume = {92},
	journal = {Kr},
	author = {Penberthy, J Scott and Weld, Daniel S and {others}},
	year = {1992},
	pages = {103--114}
}

@misc{_stages_????,
	title = {Stages destinés aux doctorants - {URFIST} de {Lyon} - {Université} {Lyon} 1},
	copyright = {Copyright © URFIST de Lyon - Université Lyon 1},
	url = {http://urfist.univ-lyon1.fr/stages-destines-aux-doctorants-589124.kjsp?RH=URFIST-FR},
	language = {fr-FR},
	urldate = {2015-02-27},
	file = {Snapshot:/home/antoine/.zotero/zotero/ns6tl2ih.default/zotero/storage/395TE3RP/stages-destines-aux-doctorants-589124.html:text/html}
}

@article{schlenoff_ontology-based_2013,
	title = {Ontology-based state representations for intention recognition in human–robot collaborative environments},
	volume = {61},
	url = {http://www.sciencedirect.com/science/article/pii/S0921889013000584},
	number = {11},
	urldate = {2014-11-25},
	journal = {Robotics and Autonomous Systems},
	author = {Schlenoff, Craig and Pietromartire, Anthony and Kootbally, Zeid and Balakirsky, Stephen and Foufou, Sebti},
	year = {2013},
	pages = {1224--1234}
}

@inproceedings{geib_delaying_2009,
	title = {Delaying {Commitment} in {Plan} {Recognition} {Using} {Combinatory} {Categorial} {Grammars}.},
	url = {http://cci.drexel.edu/faculty/cgeib/site/Papers_files/IJCAI09.pdf},
	booktitle = {{IJCAI}},
	author = {Geib, Christopher W},
	year = {2009},
	keywords = {complexity, grammar, intent recognition, optimisation},
	pages = {1702--1707},
	file = {Geib - 2009 - Delaying Commitment in Plan Recognition Using Comb.pdf:/home/antoine/.zotero/zotero/ns6tl2ih.default/zotero/storage/38SUWSEJ/Geib - 2009 - Delaying Commitment in Plan Recognition Using Comb.pdf:application/pdf}
}

@inproceedings{chella_modeling_2002,
	title = {Modeling ontologies for robotic environments},
	booktitle = {Proceedings of the 14th international conference on {Software} engineering and knowledge engineering},
	author = {Chella, Antonio and Cossentino, Massimo and Pirrone, Roberto and Ruisi, Andrea},
	year = {2002},
	pages = {77--80}
}

@misc{_power_2014,
	title = {Power set},
	copyright = {Creative Commons Attribution-ShareAlike License},
	url = {https://en.wikipedia.org/w/index.php?title=Power_set&oldid=630172171},
	abstract = {In mathematics, the power set (or powerset) of any set S, written , ℘(S), P(S), ℙ(S) or 2S, is the set of all subsets of S, including the empty set and S itself. In axiomatic set theory (as developed, for example, in the ZFC axioms), the existence of the power set of any set is postulated by the axiom of power set.[1]},
	language = {en},
	urldate = {2014-10-22},
	journal = {Wikipedia, the free encyclopedia},
	month = oct,
	year = {2014},
	note = {Page Version ID: 630172171},
	file = {Snapshot:/home/antoine/.zotero/zotero/ns6tl2ih.default/zotero/storage/HV96MGT7/index.html:text/html}
}

@article{yang_robot_2015,
	title = {Robot {Learning} {Manipulation} {Action} {Plans} by “{Watching}” {Unconstrained} {Videos} from the {World} {Wide} {Web}},
	url = {http://www.umiacs.umd.edu/~yzyang/paper/YouCookMani_CameraReady.pdf},
	urldate = {2015-01-30},
	journal = {Under Review},
	author = {Yang, Yezhou and Li, Yi and Aloimonos, Yiannis},
	year = {2015},
	file = {[PDF] à partir de umd.edu:/home/antoine/.zotero/zotero/ns6tl2ih.default/zotero/storage/U2BGSSTX/Yang et al. - 2015 - Robot Learning Manipulation Action Plans by “Watch.pdf:application/pdf}
}

@inproceedings{valiente-rocha_ontology_2010,
	title = {Ontology and {SWRL}-based learning model for home automation controlling},
	booktitle = {Ambient {Intelligence} and {Future} {Trends}-{International} {Symposium} on {Ambient} {Intelligence} ({ISAmI} 2010)},
	author = {Valiente-Rocha, Pablo A and Lozano-Tello, Adolfo},
	year = {2010},
	pages = {79--86}
}

@misc{_multicast_????,
	title = {Multicast {DNS} {Website}},
	url = {http://www.multicastdns.org/},
	urldate = {2013-07-24},
	file = {Multicast DNS:/home/antoine/.zotero/zotero/ns6tl2ih.default/zotero/storage/3GMTDIFB/www.multicastdns.org.html:text/html}
}

@misc{_transformation_2014,
	title = {Transformation theory},
	copyright = {Creative Commons Attribution-ShareAlike License},
	url = {https://en.wikipedia.org/w/index.php?title=Transformation_theory&oldid=531803452},
	abstract = {Transformation theory, first explained by Dr. George Land [1][2][3][4][5](also George Ainsworth Land and George T. Lock Land) (1927-) is a description of the structure of change in natural systems. Land's research, detailed in his seminal book Grow or Die [6] ), illustrates change as a series of interlocking S-curves, each interspersed with two breakpoints. Breakpoints are the moments in time when the rules of survival change.},
	language = {en},
	urldate = {2014-10-13},
	journal = {Wikipedia, the free encyclopedia},
	month = oct,
	year = {2014},
	note = {Page Version ID: 531803452},
	file = {Snapshot:/home/antoine/.zotero/zotero/ns6tl2ih.default/zotero/storage/CJRTWU5J/index.html:text/html}
}

@misc{_multicast_2013,
	title = {Multicast {DNS}},
	copyright = {Creative Commons Attribution-ShareAlike License},
	url = {https://en.wikipedia.org/w/index.php?title=Multicast_DNS&oldid=554602748},
	abstract = {The multicast Domain Name System (mDNS) is a zero configuration host name resolution service. It uses essentially the same programming interfaces, packet formats and operating semantics as the unicast Domain Name System (DNS) to resolve host names to IP addresses within small networks that do not include a local name server, but can also be used in conjunction with such servers.},
	language = {en},
	urldate = {2013-07-24},
	journal = {Wikipedia, the free encyclopedia},
	month = jun,
	year = {2013},
	note = {Page Version ID: 554602748},
	file = {Snapshot:/home/antoine/.zotero/zotero/ns6tl2ih.default/zotero/storage/DF3WT8EZ/index.html:text/html}
}

@article{chaudhary_abhivyakti:_2011,
	title = {{ABHIVYAKTI}: {A} {Vision} {Based} intelligent {System} for elder and {Sick} persons},
	url = {http://arxiv.org/pdf/1109.6442v2.pdf},
	journal = {arXiv preprint arXiv:1109.6442},
	author = {Chaudhary, Ankit and Raheja, Jagdish L},
	year = {2011},
	keywords = {gesture recognition, vision},
	file = {1109.6442v2.pdf:/home/antoine/.zotero/zotero/ns6tl2ih.default/zotero/storage/MBWES5VD/1109.6442v2.pdf:application/pdf}
}

@incollection{zhuo_action-model_2012-1,
	title = {Action-{Model} {Based} {Multi}-agent {Plan} {Recognition}},
	url = {http://papers.nips.cc/paper/4812-action-model-based-multi-agent-plan-recognition.pdf},
	booktitle = {Advances in {Neural} {Information} {Processing} {Systems} 25},
	publisher = {Curran Associates, Inc.},
	author = {Zhuo, Hankz H. and Yang, Qiang and Kambhampati, Subbarao},
	editor = {Pereira, F. and Burges, C. J. C. and Bottou, L. and Weinberger, K. Q.},
	year = {2012},
	pages = {368--376},
	file = {4812-action-model-based-multi-agent-plan-recognition.pdf:/home/antoine/.zotero/zotero/ns6tl2ih.default/zotero/storage/893UNZ6C/4812-action-model-based-multi-agent-plan-recognition.pdf:application/pdf}
}

@misc{_inference_2015,
	title = {Inference engine},
	copyright = {Creative Commons Attribution-ShareAlike License},
	url = {https://en.wikipedia.org/w/index.php?title=Inference_engine&oldid=659754630},
	abstract = {An Inference Engine is a tool from artificial intelligence. The first inference engines were components of expert systems. The typical expert system consisted of a knowledge base and an inference engine. The knowledge base stored facts about the world. The inference engine applied logical rules to the knowledge base and deduced new knowledge. This process would iterate as each new fact in the knowledge base could trigger additional rules in the inference engine. Inference engines work primarily in one of two modes: forward chaining and backward chaining. Forward chaining starts with the known facts and asserts new facts. Backward chaining starts with goals, and works backward to determine what facts must be asserted so that the goals can be achieved.},
	language = {en},
	urldate = {2015-05-05},
	journal = {Wikipedia, the free encyclopedia},
	month = apr,
	year = {2015},
	note = {Page Version ID: 659754630},
	file = {Snapshot:/home/antoine/.zotero/zotero/ns6tl2ih.default/zotero/storage/VFDNFMVG/index.html:text/html}
}

@inproceedings{bonino_dog:_2008,
	title = {Dog: {An} ontology-powered osgi domotic gateway},
	volume = {1},
	booktitle = {Tools with {Artificial} {Intelligence}, 2008. {ICTAI}'08. 20th {IEEE} {International} {Conference} on},
	author = {Bonino, Dario and Castellina, Emiliano and Corno, Fulvio},
	year = {2008},
	keywords = {domotic, ontology},
	pages = {157--160},
	file = {VG-Uniform_Access_to_Domotic_Environments_through_Semantics-2008.pdf:/home/antoine/.zotero/zotero/ns6tl2ih.default/zotero/storage/VI9K4PQT/VG-Uniform_Access_to_Domotic_Environments_through_Semantics-2008.pdf:application/pdf}
}

@inproceedings{lu_ontology_2012,
	title = {Ontology of robot theatre},
	booktitle = {Proceedings of the workshop {Robotics} and {Performing} {Arts}: {Reciprocal} {Influences}, {ICRA}},
	author = {Lu, David V},
	year = {2012}
}

@misc{_google_????-1,
	title = {Google : un brevet pour doter les robots domestiques de personnalités téléchargeables},
	shorttitle = {Google},
	url = {http://www.lesechos.fr/tech-medias/hightech/0204278487311-google-un-brevet-pour-doter-les-robots-domestiques-de-personnalites-telechargeables-1108300.php#Xtor=AD-6000},
	abstract = {De nombreux auteurs de science-fiction l'ont décrit dans des livres mais aussi au cinéma et à la télévision, à l'image de la récente série...},
	urldate = {2015-04-15},
	journal = {lesechos.fr},
	note = {00000},
	file = {Snapshot:/home/antoine/.zotero/zotero/ns6tl2ih.default/zotero/storage/8B3FM99N/0204278487311-google-un-brevet-pour-doter-les-robots-domestiques-de-personnalites-telechargeabl.html:text/html}
}

@misc{_piecewise_2014,
	title = {Piecewise linear continuation},
	copyright = {Creative Commons Attribution-ShareAlike License},
	url = {https://en.wikipedia.org/w/index.php?title=Piecewise_linear_continuation&oldid=603820695},
	language = {en},
	urldate = {2015-01-09},
	journal = {Wikipedia, the free encyclopedia},
	month = dec,
	year = {2014},
	note = {Page Version ID: 603820695},
	file = {Snapshot:/home/antoine/.zotero/zotero/ns6tl2ih.default/zotero/storage/XJ24XG8X/index.html:text/html}
}

@book{berners-lee_weaving_1999,
	address = {San Francisco},
	edition = {1st ed},
	title = {Weaving the {Web}: the original design and ultimate destiny of the {World} {Wide} {Web} by its inventor},
	isbn = {0-06-251586-1},
	shorttitle = {Weaving the {Web}},
	publisher = {HarperSanFrancisco},
	author = {Berners-Lee, Tim},
	collaborator = {Fischetti, Mark},
	year = {1999},
	keywords = {Berners-Lee, Tim, History, World Wide Web}
}

@inproceedings{sommaruga_domoml-env:_2005,
	title = {{DomoML}-env: an ontology for {Human} {Home} {Interaction}.},
	volume = {166},
	booktitle = {{SWAP}},
	author = {Sommaruga, Lorenzo and Perri, Antonio and Furfari, Francesco},
	year = {2005},
	keywords = {domotic, ontology},
	file = {G-DomoML_env_an_ontology_for_Human_Home.pdf:/home/antoine/.zotero/zotero/ns6tl2ih.default/zotero/storage/ZBVQV3XV/G-DomoML_env_an_ontology_for_Human_Home.pdf:application/pdf}
}

@misc{_rules_????,
	title = {Rules - {RoboCup}@{Home}},
	url = {http://www.robocupathome.org/rules},
	abstract = {The official website of the RoboCup@Home league.},
	urldate = {2014-12-18},
	file = {Snapshot:/home/antoine/.zotero/zotero/ns6tl2ih.default/zotero/storage/RQ3TJXN2/rules.html:text/html}
}

@inproceedings{geib_plan_2001,
	title = {Plan recognition in intrusion detection systems},
	volume = {1},
	url = {http://cci.drexel.edu/faculty/cgeib/site/Papers_files/main.pdf},
	booktitle = {{DARPA} {Information} {Survivability} {Conference} \&amp; {Exposition} {II}, 2001. {DISCEX}'01. {Proceedings}},
	publisher = {IEEE},
	author = {Geib, Christopher W and Goldman, Robert P},
	year = {2001},
	keywords = {AND-OR Tree, IDS, logic},
	pages = {46--55},
	file = {main.pdf:/home/antoine/.zotero/zotero/ns6tl2ih.default/zotero/storage/AA9TMZEC/main.pdf:application/pdf}
}

@misc{_theoreme_2014,
	title = {Théorème de {Bayes}},
	copyright = {Creative Commons Attribution-ShareAlike License},
	url = {https://fr.wikipedia.org/w/index.php?title=Th%C3%A9or%C3%A8me_de_Bayes&oldid=107904014},
	abstract = {Le théorème de Bayes est un résultat de base en théorie des probabilités, issu des travaux du révérend Thomas Bayes et retrouvé ensuite indépendamment par Laplace. Dans son unique article, Bayes cherchait à déterminer ce que l’on appellerait actuellement la distribution a posteriori de la probabilité d’une loi binomiale. Ses travaux ont été édités et présentés à titre posthume (1763) par son ami Richard Price dans Un essai pour résoudre un problème dans la théorie des risques (An Essay towards solving a Problem in the Doctrine of Chances). Les résultats de Bayes ont été redécouverts et étendus par le mathématicien français Laplace dans un essai de 1774, lequel n’était apparemment pas au fait du travail de Bayes.},
	language = {fr},
	urldate = {2014-11-21},
	journal = {Wikipédia},
	month = nov,
	year = {2014},
	note = {Page Version ID: 107904014},
	file = {Snapshot:/home/antoine/.zotero/zotero/ns6tl2ih.default/zotero/storage/2NXRJWND/index.html:text/html;Snapshot:/home/antoine/.zotero/zotero/ns6tl2ih.default/zotero/storage/7P2T6ZHU/index.html:text/html}
}

@inproceedings{goldman_plan_2010,
	title = {Plan libraries for plan recognition: {Do} we really know what they model?(position paper)},
	shorttitle = {Plan libraries for plan recognition},
	url = {http://www.aaai.org/ocs/index.php/WS/AAAIW10/paper/download/2003/2443},
	urldate = {2014-11-25},
	booktitle = {Plan, {Activity}, and {Intent} {Recognition} ({PAIR}) 2010, {AAAI} {Workshop} {Proceedings}, {AAAI}},
	author = {Goldman, Robert P. and Kabanza, Froduald and Bellefeuille, Philipe},
	year = {2010},
	file = {2443.pdf:/home/antoine/.zotero/zotero/ns6tl2ih.default/zotero/storage/S6ZXDEAP/2443.pdf:application/pdf}
}

@article{bylander_computational_1994,
	title = {The computational complexity of propositional {STRIPS} planning},
	volume = {69},
	url = {http://www.sciencedirect.com/science/article/pii/0004370294900817},
	number = {1},
	urldate = {2015-02-03},
	journal = {Artificial Intelligence},
	author = {Bylander, Tom},
	year = {1994},
	pages = {165--204},
	file = {0004370294900817:/home/antoine/.zotero/zotero/ns6tl2ih.default/zotero/storage/PSS7EZSM/0004370294900817:}
}

@inproceedings{helaoui_recognizing_2011,
	title = {Recognizing interleaved and concurrent activities: {A} statistical-relational approach},
	shorttitle = {Recognizing interleaved and concurrent activities},
	url = {http://ieeexplore.ieee.org/xpls/abs_all.jsp?arnumber=5767586},
	urldate = {2015-01-26},
	booktitle = {Pervasive {Computing} and {Communications} ({PerCom}), 2011 {IEEE} {International} {Conference} on},
	publisher = {IEEE},
	author = {Helaoui, Rim and Niepert, Mathias and Stuckenschmidt, Heiner},
	year = {2011},
	pages = {1--9},
	file = {helaoui11recognizing.pdf:/home/antoine/.zotero/zotero/ns6tl2ih.default/zotero/storage/4CSHW9F9/helaoui11recognizing.pdf:application/pdf}
}

@inproceedings{avrahami-zilberbrand_fast_2005-1,
	title = {Fast and complete symbolic plan recognition: {Allowing} for duration, interleaved execution, and lossy observations},
	url = {http://people.ict.usc.edu/~pynadath/MOO-2005/5.pdf},
	booktitle = {Proc. of the {AAAI} {Workshop} on {Modeling} {Others} from {Observations}, {MOO}},
	author = {Avrahami-Zilberbrand, Dorit and Kaminka, G and Zarosim, Hila},
	year = {2005},
	keywords = {AND-OR Tree, complexity, FDT, logic, multiple goals, observation loss, Trees},
	file = {5.pdf:/home/antoine/.zotero/zotero/ns6tl2ih.default/zotero/storage/RPJM8Q2K/5.pdf:application/pdf}
}

@inproceedings{avrahami-zilberbrand_hybrid_2006,
	title = {Hybrid symbolic-probabilistic plan recognizer: {Initial} steps},
	url = {https://www.aaai.org/Papers/Workshops/2006/WS-06-13/WS06-13-001.pdf},
	booktitle = {Proceedings of {AAAI} workshop on modeling others from observations ({MOO}-06)},
	author = {Avrahami-Zilberbrand, Dorit and Kaminka, Gal A},
	year = {2006},
	file = {WS06-13-001.pdf:/home/antoine/.zotero/zotero/ns6tl2ih.default/zotero/storage/5IHBT4J3/WS06-13-001.pdf:application/pdf}
}

@article{kelley_context-based_2012,
	title = {Context-based bayesian intent recognition},
	volume = {4},
	url = {http://ieeexplore.ieee.org/xpls/abs_all.jsp?arnumber=6276240},
	number = {3},
	urldate = {2014-11-25},
	journal = {Autonomous Mental Development, IEEE Transactions on},
	author = {Kelley, Richard and Tavakkoli, Alireza and King, Christopher and Ambardekar, Amol and Nicolescu, Monica},
	year = {2012},
	pages = {215--225},
	file = {IEEE Xplore Abstract - Context-Based Bayesian Intent Recognition:/home/antoine/.zotero/zotero/ns6tl2ih.default/zotero/storage/9DCDQR5X/login.html:text/html;IEEE Xplore Abstract - Context-Based Bayesian Intent Recognition:/home/antoine/.zotero/zotero/ns6tl2ih.default/zotero/storage/IRGC2DV5/login.html:text/html}
}

@inproceedings{hu_cigar:_2008,
	title = {{CIGAR}: {Concurrent} and {Interleaving} {Goal} and {Activity} {Recognition}.},
	volume = {8},
	shorttitle = {{CIGAR}},
	url = {http://www.aaai.org/Papers/AAAI/2008/AAAI08-216.pdf},
	urldate = {2014-12-19},
	booktitle = {{AAAI}},
	author = {Hu, Derek Hao and Yang, Qiang},
	year = {2008},
	pages = {1363--1368},
	file = {AAAI08-216.pdf:/home/antoine/.zotero/zotero/ns6tl2ih.default/zotero/storage/JPBVRPK6/AAAI08-216.pdf:application/pdf}
}

@book{roy_modepossibiliste_2012,
	title = {Modèle possibiliste pour la reconnaissance d'activités habitat intelligent},
	url = {http://savoirs.usherbrooke.ca/bitstream/handle/11143/5171/NR83343.pdf?sequence=1},
	publisher = {Université de Sherbrooke},
	author = {Roy, Patrice C},
	year = {2012},
	keywords = {AND-OR Tree, FDT, HTN, lattice, logic, probabilities},
	file = {roy-2007.pdf:/home/antoine/.zotero/zotero/ns6tl2ih.default/zotero/storage/QUN3PWV5/roy-2007.pdf:application/pdf}
}

@misc{_robear_????,
	title = {Robear is a robot bear that can care for the elderly},
	url = {http://www.engadget.com/2015/02/26/robear-japan-caregiver/},
	abstract = {It's 2024. An older Japanese gentleman wants to watch the International Space Station's closing ceremony, but he can't get out of bed. No problem! All he},
	urldate = {2015-02-27},
	journal = {Engadget},
	file = {Snapshot:/home/antoine/.zotero/zotero/ns6tl2ih.default/zotero/storage/PR9FS5GJ/robear-japan-caregiver.html:text/html}
}

@misc{_answer_????,
	title = {Answer set programming - {Wikipedia}, the free encyclopedia},
	url = {https://en.wikipedia.org/wiki/Answer_set_programming},
	urldate = {2015-02-16},
	file = {Answer set programming - Wikipedia, the free encyclopedia:/home/antoine/.zotero/zotero/ns6tl2ih.default/zotero/storage/RW8C6U9B/Answer_set_programming.html:text/html}
}

@inproceedings{schrempf_generic_2005,
	title = {A generic model for estimating user intentions in human-robot cooperation.},
	url = {http://isas.anthropomatik.kit.edu/Publikationen/ICINCO05_Schrempf-Intention.pdf},
	urldate = {2014-11-25},
	booktitle = {{ICINCO}},
	author = {Schrempf, Oliver C. and Hanebeck, Uwe D.},
	year = {2005},
	pages = {251--256},
	file = {ICINCO05_Schrempf-Intention.pdf:/home/antoine/.zotero/zotero/ns6tl2ih.default/zotero/storage/37ERIRTX/ICINCO05_Schrempf-Intention.pdf:application/pdf}
}

@inproceedings{geib_partial_2005,
	title = {Partial observability and probabilistic plan/goal recognition},
	url = {http://rpgoldman.real-time.com/papers/moo2005.pdf},
	booktitle = {Proceedings of the {International} workshop on modeling other agents from observations ({MOO}-05)},
	author = {Geib, Christopher W and Goldman, Robert P},
	year = {2005},
	file = {moo2005.pdf:/home/antoine/.zotero/zotero/ns6tl2ih.default/zotero/storage/7RBF4A6P/moo2005.pdf:application/pdf}
}

@article{saraydaryan_astro:_2014,
	title = {{ASTRO}: {Architecture} of {Services} {Toward} {Robotic} {Objects}.},
	volume = {11},
	shorttitle = {{ASTRO}},
	url = {http://ijcsi.org/papers/IJCSI-11-4-1-1-9.pdf},
	number = {4},
	urldate = {2014-12-08},
	journal = {International Journal of Computer Science Issues (IJCSI)},
	author = {Saraydaryan, Jacques and Jumel, Fabrice and Guenard, Adrien and Lyon, C. P. E.},
	year = {2014},
	file = {[PDF] à partir de ijcsi.org:/home/antoine/.zotero/zotero/ns6tl2ih.default/zotero/storage/89TNGUED/Saraydaryan et al. - 2014 - ASTRO Architecture of Services Toward Robotic Obj.pdf:application/pdf}
}

@article{baker_modeling_????,
	title = {Modeling {Human} {Plan} {Recognition} using {Bayesian} {Theory} of {Mind}},
	url = {http://web.mit.edu/clbaker/www/papers/baker_chapter2014.pdf},
	urldate = {2015-01-29},
	author = {Baker, Chris L. and Tenenbaum, Joshua B.},
	file = {baker_chapter2014.pdf:/home/antoine/.zotero/zotero/ns6tl2ih.default/zotero/storage/V6S62IA4/baker_chapter2014.pdf:application/pdf}
}

@misc{_robot_????,
	title = {Un robot peluche testé auprès de personnes âgées},
	url = {http://www.franceinfo.fr/vie-quotidienne/sante/article/un-robot-peluche-teste-aupres-de-personnes-agees-613621},
	abstract = {Paro est un robot, un petit phoque bourré d'intelligence artificielle. Depuis quelques jours, il est testé par deux établissements pour personnes âgées et dépendantes de la région parisienne.},
	urldate = {2015-04-15},
	journal = {France info},
	note = {00000},
	file = {Snapshot:/home/antoine/.zotero/zotero/ns6tl2ih.default/zotero/storage/E8M4UERW/un-robot-peluche-teste-aupres-de-personnes-agees-613621.html:text/html}
}

@misc{_prolog_2015,
	title = {Prolog},
	copyright = {Creative Commons Attribution-ShareAlike License},
	url = {https://en.wikipedia.org/w/index.php?title=Prolog&oldid=660571684},
	abstract = {Prolog is a general purpose logic programming language associated with artificial intelligence and computational linguistics.
Prolog has its roots in first-order logic, a formal logic, and unlike many other programming languages, Prolog is declarative: the program logic is expressed in terms of relations, represented as facts and rules. A computation is initiated by running a query over these relations.
The language was first conceived by a group around Alain Colmerauer in Marseille, France, in the early 1970s and the first Prolog system was developed in 1972 by Colmerauer with Philippe Roussel.
Prolog was one of the first logic programming languages, and remains the most popular among such languages today, with many free and commercial implementations available. The language has been used for theorem proving, expert systems, as well as its original intended field of use, natural language processing. Modern Prolog environments support creating graphical user interfaces, as well as administrative and networked applications.
Prolog is well-suited for specific tasks that benefit from rule-based logical queries such as databases searching, voice control systems, and template filling.},
	language = {en},
	urldate = {2015-05-05},
	journal = {Wikipedia, the free encyclopedia},
	month = may,
	year = {2015},
	note = {Page Version ID: 660571684},
	file = {Snapshot:/home/antoine/.zotero/zotero/ns6tl2ih.default/zotero/storage/TQGK3HI6/index.html:text/html}
}

@article{ahmad_intent_2014,
	title = {Intent {Recognition} in {Multi}-{Agent} {Systems}: {Cow} {Herding}},
	volume = {28},
	shorttitle = {Intent {Recognition} in {Multi}-{Agent} {Systems}},
	url = {http://www.worldscientific.com/doi/abs/10.1142/S021800141459006X?af=R},
	number = {05},
	urldate = {2014-11-25},
	journal = {International Journal of Pattern Recognition and Artificial Intelligence},
	author = {Ahmad, Najla and Agah, Arvin},
	year = {2014},
	file = {INTENT RECOGNITION IN MULTI-AGENT SYSTEMS\: COW HERDING (World Scientific):/home/antoine/.zotero/zotero/ns6tl2ih.default/zotero/storage/H5BHXM6M/S021800141459006X.html:text/html}
}

@inproceedings{karami_decision_2011,
	title = {A {Decision} {Model} of {Adaptive} {Interaction} {Selection} for a {Robot} {Companion}.},
	url = {http://liris.cnrs.fr/abir-beatrice.karami/ECMR2011_KM.pdf},
	urldate = {2014-12-02},
	booktitle = {{ECMR}},
	author = {Karami, Abir-Beatrice and Mouaddib, Abdel-Illah and {others}},
	year = {2011},
	pages = {83--88},
	file = {ECMR2011_KM.pdf:/home/antoine/.zotero/zotero/ns6tl2ih.default/zotero/storage/XP5DNX5S/ECMR2011_KM.pdf:application/pdf}
}

@article{bouchard_smart_2006,
	title = {A {Smart} {Home} {Agent} for {Plan} {Recognition} of {Cognitively}-impaired {Patients}.},
	volume = {1},
	url = {http://ojs.academypublisher.com/index.php/jcp/article/download/01055362/255},
	number = {5},
	journal = {Journal of Computers},
	author = {Bouchard, Bruno and Giroux, Sylvain and Bouzouane, Abdenour},
	year = {2006},
	keywords = {algebra, context aware, intent recognition, lattice},
	pages = {53--62},
	file = {bouchard -2006- plan recognition cognitively impaired.pdf:/home/antoine/.zotero/zotero/ns6tl2ih.default/zotero/storage/WSBHBSPH/bouchard -2006- plan recognition cognitively impaired.pdf:application/pdf}
}

@inproceedings{ramirez_plan_2009,
	title = {Plan recognition as planning},
	url = {http://www.aaai.org/ocs/index.php/IJCAI/IJCAI-09/paper/download/553/878},
	urldate = {2014-12-19},
	booktitle = {Proceedings of the 21st international joint conference on {Artifical} intelligence. {Morgan} {Kaufmann} {Publishers} {Inc}},
	author = {Ramırez, Miquel and Geffner, Hector},
	year = {2009},
	keywords = {planner},
	pages = {1778--1783},
	file = {download.pdf:/home/antoine/.zotero/zotero/ns6tl2ih.default/zotero/storage/UDCP7QMF/download.pdf:application/pdf;IJCAI09-296.pdf:/home/antoine/.zotero/zotero/ns6tl2ih.default/zotero/storage/AC8KJZF2/IJCAI09-296.pdf:application/pdf}
}

@misc{_answer_2015,
	title = {Answer set programming},
	copyright = {Creative Commons Attribution-ShareAlike License},
	url = {https://en.wikipedia.org/w/index.php?title=Answer_set_programming&oldid=656710503},
	abstract = {Answer set programming (ASP) is a form of declarative programming oriented towards difficult (primarily NP-hard) search problems. It is based on the stable model (answer set) semantics of logic programming. In ASP, search problems are reduced to computing stable models, and answer set solvers — programs for generating stable models—are used to perform search. The computational process employed in the design of many answer set solvers is an enhancement of the DPLL algorithm and, in principle, it always terminates (unlike Prolog query evaluation, which may lead to an infinite loop).
In a more general sense, ASP includes all applications of answer sets to knowledge representation and the use of Prolog-style query evaluation for solving problems arising in these applications.},
	language = {en},
	urldate = {2015-05-05},
	journal = {Wikipedia, the free encyclopedia},
	month = apr,
	year = {2015},
	note = {Page Version ID: 656710503},
	file = {Snapshot:/home/antoine/.zotero/zotero/ns6tl2ih.default/zotero/storage/SJM36M8P/index.html:text/html}
}

@phdthesis{miquel_ramirez_plan_2012,
	title = {Plan {Recognition} as {Planning}},
	url = {https://docs.google.com/file/d/0B60Fz61zV5lgU1hvMG9jX3hwbVE/edit},
	school = {Universitat Pompeu Fabra},
	author = {{Miquel Ramírez}},
	year = {2012},
	file = {@Plan Recognition As Planning.pdf:/home/antoine/.zotero/zotero/ns6tl2ih.default/zotero/storage/W4ESW7Q3/@Plan Recognition As Planning.pdf:application/pdf;Plan Recognition As Planning.pdf - Google Drive:/home/antoine/.zotero/zotero/ns6tl2ih.default/zotero/storage/7ZIX334J/edit.html:text/html}
}

@inproceedings{zhu_human_2008,
	title = {Human intention recognition in smart assisted living systems using a hierarchical hidden markov model},
	url = {http://ieeexplore.ieee.org/xpls/abs_all.jsp?arnumber=4626513},
	urldate = {2014-11-25},
	booktitle = {Automation {Science} and {Engineering}, 2008. {CASE} 2008. {IEEE} {International} {Conference} on},
	publisher = {IEEE},
	author = {Zhu, Chun and Cheng, Qi and Sheng, Weihua},
	year = {2008},
	pages = {253--258},
	file = {IEEE Xplore Abstract - Human intention recognition in Smart Assisted Living Systems using a Hierarchical Hidden Markov Mode...:/home/antoine/.zotero/zotero/ns6tl2ih.default/zotero/storage/4HIM6P53/login.html:text/html}
}

@inproceedings{bonino_dogont-ontology_2008,
	title = {Dogont-ontology modeling for intelligent domotic environments},
	booktitle = {The {Semantic} {Web}-{ISWC} 2008},
	publisher = {Springer},
	author = {Bonino, Dario and Corno, Fulvio},
	year = {2008},
	keywords = {domotic, ontology},
	pages = {790--803},
	file = {VG-DogOnt_Ontology_Modeling_for_Intelligent.pdf:/home/antoine/.zotero/zotero/ns6tl2ih.default/zotero/storage/4QMD4G9K/VG-DogOnt_Ontology_Modeling_for_Intelligent.pdf:application/pdf}
}

@inproceedings{moniz_pereira_collective_2010,
	title = {Collective {Intention} {Recognition} and {Elder} {Care}},
	url = {https://www.aaai.org/ocs/index.php/FSS/FSS10/paper/viewFile/2178/2697},
	booktitle = {2010 {AAAI} {Fall} {Symposium} {Series}},
	author = {Moniz Pereira, Luis and {others}},
	year = {2010},
	keywords = {baynes net, intent recognition, p-log, probabilities},
	file = {Collective Intention Recognition.pdf:/home/antoine/.zotero/zotero/ns6tl2ih.default/zotero/storage/4JCJDWMB/Collective Intention Recognition.pdf:application/pdf}
}

@misc{_combinatory_2014,
	title = {Combinatory categorial grammar},
	copyright = {Creative Commons Attribution-ShareAlike License},
	url = {https://en.wikipedia.org/w/index.php?title=Combinatory_categorial_grammar&oldid=621805834},
	abstract = {Combinatory categorial grammar (CCG) is an efficiently parsable, yet linguistically expressive grammar formalism. It has a transparent interface between surface syntax and underlying semantic representation, including predicate-argument structure, quantification and information structure. The formalism generates constituency-based structures (as opposed to dependency-based ones) and is therefore a type of phrase structure grammar (as opposed to a dependency grammar).},
	language = {en},
	urldate = {2014-10-14},
	journal = {Wikipedia, the free encyclopedia},
	month = aug,
	year = {2014},
	note = {Page Version ID: 621805834},
	file = {Snapshot:/home/antoine/.zotero/zotero/ns6tl2ih.default/zotero/storage/C7J8T6J8/index.html:text/html}
}

@article{wobcke_two_2002,
	title = {Two logical theories of plan recognition},
	volume = {12},
	url = {http://logcom.oxfordjournals.org/content/12/3/371.short},
	number = {3},
	urldate = {2015-01-29},
	journal = {Journal of Logic and Computation},
	author = {Wobcke, Wayne},
	year = {2002},
	pages = {371--412},
	file = {[PDF] à partir de unsw.edu.au:/home/antoine/.zotero/zotero/ns6tl2ih.default/zotero/storage/XGE9Z2K4/Wobcke - 2002 - Two logical theories of plan recognition.pdf:application/pdf;Snapshot:/home/antoine/.zotero/zotero/ns6tl2ih.default/zotero/storage/48TAEC3F/371.html:text/html}
}

@inproceedings{geib_problems_2002,
	title = {Problems with intent recognition for elder care},
	url = {http://www.aaai.org/Papers/Workshops/2002/WS-02-02/WS02-02-003.pdf},
	booktitle = {Proceedings of the {AAAI}-02 {Workshop} “{Automation} as {Caregiver}},
	author = {Geib, Christopher W},
	year = {2002},
	keywords = {human-robot communication, intent recognition, KEY, markov chain, probabilities},
	pages = {13--17},
	file = {geib -2002-Problems with intent recognition for elder care.pdf:/home/antoine/.zotero/zotero/ns6tl2ih.default/zotero/storage/9MBT4KXM/geib -2002-Problems with intent recognition for elder care.pdf:application/pdf;Problems with intent recognition.pdf:/home/antoine/.zotero/zotero/ns6tl2ih.default/zotero/storage/N3AKVZ39/Problems with intent recognition.pdf:application/pdf}
}

@misc{_beliefdesireintention_2014,
	title = {Belief–desire–intention software model},
	copyright = {Creative Commons Attribution-ShareAlike License},
	url = {https://en.wikipedia.org/w/index.php?title=Belief%E2%80%93desire%E2%80%93intention_software_model&oldid=605847736},
	abstract = {The belief–desire–intention software model (usually referred to simply, but ambiguously, as BDI) is a software model developed for programming intelligent agents. Superficially characterized by the implementation of an agent's beliefs, desires and intentions, it actually uses these concepts to solve a particular problem in agent programming. In essence, it provides a mechanism for separating the activity of selecting a plan (from a plan library or an external planner application) from the execution of currently active plans. Consequently, BDI agents are able to balance the time spent on deliberating about plans (choosing what to do) and executing those plans (doing it). A third activity, creating the plans in the first place (planning), is not within the scope of the model, and is left to the system designer and programmer.},
	language = {en},
	urldate = {2014-09-24},
	journal = {Wikipedia, the free encyclopedia},
	month = aug,
	year = {2014},
	note = {Page Version ID: 605847736},
	file = {Snapshot:/home/antoine/.zotero/zotero/ns6tl2ih.default/zotero/storage/44794GMC/index.html:text/html}
}

@misc{_category_2014,
	title = {Category theory},
	copyright = {Creative Commons Attribution-ShareAlike License},
	url = {https://en.wikipedia.org/w/index.php?title=Category_theory&oldid=631109748},
	abstract = {Category theory[1] is used to formalize mathematics and its concepts as a collection of objects and arrows (also called morphisms). Category theory can be used to formalize concepts of other high-level abstractions such as set theory, ring theory, and group theory. Several terms used in category theory, including the term "morphism", differ from their uses within mathematics itself. In category theory, a "morphism" obeys a set of conditions specific to category theory itself. Thus, care must be taken to understand the context in which statements are made.},
	language = {en},
	urldate = {2014-10-27},
	journal = {Wikipedia, the free encyclopedia},
	month = oct,
	year = {2014},
	note = {Page Version ID: 631109748},
	file = {Snapshot:/home/antoine/.zotero/zotero/ns6tl2ih.default/zotero/storage/VI666EB2/index.html:text/html}
}

@misc{_computational_2015,
	title = {Computational complexity theory},
	copyright = {Creative Commons Attribution-ShareAlike License},
	url = {https://en.wikipedia.org/w/index.php?title=Computational_complexity_theory&oldid=642665843},
	abstract = {Computational complexity theory is a branch of the theory of computation in theoretical computer science and mathematics that focuses on classifying computational problems according to their inherent difficulty, and relating those classes to each other. A computational problem is understood to be a task that is in principle amenable to being solved by a computer, which is equivalent to stating that the problem may be solved by mechanical application of mathematical steps, such as an algorithm.},
	language = {en},
	urldate = {2015-02-04},
	journal = {Wikipedia, the free encyclopedia},
	month = feb,
	year = {2015},
	note = {Page Version ID: 642665843},
	file = {Snapshot:/home/antoine/.zotero/zotero/ns6tl2ih.default/zotero/storage/7H8JZ378/index.html:text/html}
}

@misc{_sapa_????,
	title = {{SAPA}},
	url = {http://rakaposhi.eas.asu.edu/sapa/},
	urldate = {2015-04-29},
	file = {SAPA:/home/antoine/.zotero/zotero/ns6tl2ih.default/zotero/storage/UGSU69FD/sapa.html:text/html}
}

@book{ghallab_automated_2004,
	address = {Amsterdam ; Boston},
	title = {Automated planning: theory and practice},
	isbn = {978-1-55860-856-6},
	shorttitle = {Automated planning},
	publisher = {Elsevier/Morgan Kaufmann},
	author = {Ghallab, Malik and Nau, Dana S. and Traverso, Paolo},
	year = {2004},
	keywords = {Data processing, Production planning}
}

@misc{_java_????-1,
	title = {Java {RMI} {Release} {Notes}},
	url = {http://docs.oracle.com/javase/1.5.0/docs/guide/rmi/relnotes.html},
	urldate = {2013-07-24},
	file = {Java RMI Release Notes:/home/antoine/.zotero/zotero/ns6tl2ih.default/zotero/storage/7X65C5XU/relnotes.html:text/html}
}

@inproceedings{geib_new_2008,
	title = {A {New} {Probabilistic} {Plan} {Recognition} {Algorithm} {Based} on {String} {Rewriting}.},
	url = {http://cci.drexel.edu/faculty/cgeib/site/Papers_files/ICAPS08Geib.pdf},
	booktitle = {{ICAPS}},
	author = {Geib, Christopher W and Maraist, John and Goldman, Robert P},
	year = {2008},
	keywords = {complexity, grammar, intent recognition, sequence / plan building, string rewriting},
	pages = {91--98},
	file = {String rewriting for Plan recognition:/home/antoine/.zotero/zotero/ns6tl2ih.default/zotero/storage/6EJ5HP2M/String rewriting for Plan recognition:application/pdf}
}

@misc{olivier_parent_les_????,
	address = {Université Claude Bernard Lyon 1},
	type = {Cours},
	title = {Les {Réseaux} {Bayésiens} : {A} la recherche de la vérité},
	author = {{Olivier PARENT} and {Julien EUSTACHE}},
	collaborator = {{Alain MILLE}},
	file = {@Reseau Bayesien SYNTHESE ECRITE.pdf:/home/antoine/.zotero/zotero/ns6tl2ih.default/zotero/storage/JQ5PEJUR/@Reseau Bayesien SYNTHESE ECRITE.pdf:application/pdf;Reseau Bayesien SYNTHESE ECRITE.pdf:/home/antoine/.zotero/zotero/ns6tl2ih.default/zotero/storage/5TXUH9S6/Reseau Bayesien SYNTHESE ECRITE.pdf:application/pdf}
}

@misc{_ces_????,
	title = {Ces robots qui veillent sur les seniors},
	url = {http://www.latribune.fr/technos-medias/electronique/20131125trib000797863/ces-robots-qui-veillent-sur-les-seniors.html},
	urldate = {2015-04-15}
}

@techreport{heinze_modelling_2004,
	title = {Modelling intention recognition for intelligent agent systems},
	url = {http://oai.dtic.mil/oai/oai?verb=getRecord&metadataPrefix=html&identifier=ADA430005},
	urldate = {2014-11-25},
	institution = {DTIC Document},
	author = {Heinze, Clint},
	year = {2004},
	file = {Modelling Intention Recognition for Intelligent Agent Systems:/home/antoine/.zotero/zotero/ns6tl2ih.default/zotero/storage/AVK3NIS6/oai.html:text/html}
}

@inproceedings{wang_human-oriented_2013,
	title = {Human-oriented recognition for intelligent interactive office robot},
	url = {http://ieeexplore.ieee.org/xpls/abs_all.jsp?arnumber=6704054},
	urldate = {2014-11-25},
	booktitle = {Control, {Automation} and {Systems} ({ICCAS}), 2013 13th {International} {Conference} on},
	publisher = {IEEE},
	author = {Wang, Chia-Ming and Tseng, Shin-Huan and Wu, Pei-Wen and Xu, Yuan-Han and Liao, Chien-Ke and Lin, Yu-Chi and Chiang, Yi-Shiu and Lim, Chung-Dial and Chu, Ting-Sheng and Fu, Li-Chen},
	year = {2013},
	pages = {960--965},
	file = {IEEE Xplore Abstract - Human-oriented recognition for intelligent interactive office robot:/home/antoine/.zotero/zotero/ns6tl2ih.default/zotero/storage/2WWQA364/login.html:text/html}
}

@misc{_web_????,
	title = {Web {Services} {Description} {Language} ({WSDL}) {Version} 2.0 {Part} 1: {Core} {Language}},
	url = {http://www.w3.org/TR/wsdl20/},
	urldate = {2013-07-24},
	file = {Web Services Description Language (WSDL) Version 2.0 Part 1\: Core Language:/home/antoine/.zotero/zotero/ns6tl2ih.default/zotero/storage/E2NXXSGC/wsdl20.html:text/html}
}

@article{mataric_socially_1999,
	title = {Socially assistive robotics},
	volume = {3},
	url = {http://hal.archives-ouvertes.fr/docs/00/77/01/13/PDF/Tapus-RAM2007.pdf},
	number = {6},
	journal = {Science},
	author = {Mataric, Maja J},
	year = {1999},
	pages = {233--242},
	file = {Tapus-RAM2007.pdf:/home/antoine/.zotero/zotero/ns6tl2ih.default/zotero/storage/CUZA7GHK/Tapus-RAM2007.pdf:application/pdf}
}

@misc{_fonction_2014,
	title = {Fonction bêta},
	copyright = {Creative Commons Attribution-ShareAlike License},
	url = {https://fr.wikipedia.org/w/index.php?title=Fonction_b%C3%AAta&oldid=108774973},
	abstract = {En mathématiques, la fonction bêta est un type d'intégrale d'Euler définie pour tous nombres complexes x et y de parties réelles strictement positives par :},
	language = {fr},
	urldate = {2015-01-09},
	journal = {Wikipédia},
	month = dec,
	year = {2014},
	note = {Page Version ID: 108774973},
	file = {Snapshot:/home/antoine/.zotero/zotero/ns6tl2ih.default/zotero/storage/RDGTITPT/index.html:text/html}
}

@inproceedings{freedman_temporal_2014,
	title = {Temporal and {Object} {Relations} in {Plan} and {Activity} {Recognition} for {Robots} {Using} {Topic} {Models}},
	url = {http://people.cs.umass.edu/~hjung/uploads/Main/AIHRI2014.pdf},
	urldate = {2014-11-25},
	booktitle = {2014 {AAAI} {Fall} {Symposium} {Series}},
	author = {Freedman, Richard Gabriel and Jung, Hee-Tae and Zilberstein, Shlomo},
	year = {2014},
	file = {AIHRI2014.pdf:/home/antoine/.zotero/zotero/ns6tl2ih.default/zotero/storage/VEDNIK3S/AIHRI2014.pdf:application/pdf}
}

@article{keren_goal_2014-1,
	title = {Goal {Recognition} {Design}},
	url = {http://www.aaai.org/ocs/index.php/ICAPS/ICAPS14/paper/viewFile/7814/8023},
	urldate = {2014-11-25},
	author = {Keren, Sarah and Gal, Avigdor and Karpas, Erez},
	year = {2014},
	file = {8023.pdf:/home/antoine/.zotero/zotero/ns6tl2ih.default/zotero/storage/BEXAD3EE/8023.pdf:application/pdf}
}

@inproceedings{geib_empirical_2004,
	title = {Empirical analysis of a probabilistic task tracking algorithm},
	url = {http://homepages.inf.ed.ac.uk/cgeib/Site/Papers_files/AAMASFinalCGeib.pdf},
	booktitle = {Proceedings of {Workshop} on {Agent} {Tracking}, {Autonomous} {Agents} and {MultiAgent} {Systems} ({AAMAS})},
	publisher = {Citeseer},
	author = {Geib, Christopher W and Harp, S},
	year = {2004},
	file = {AAMASFinalCGeib.pdf:/home/antoine/.zotero/zotero/ns6tl2ih.default/zotero/storage/J3VGQC3W/AAMASFinalCGeib.pdf:application/pdf}
}

@inproceedings{talamadupula_coordination_2014-1,
	title = {Coordination in human-robot teams using mental modeling and plan recognition},
	url = {http://ieeexplore.ieee.org/xpls/abs_all.jsp?arnumber=6942970},
	urldate = {2015-04-07},
	booktitle = {Intelligent {Robots} and {Systems} ({IROS} 2014), 2014 {IEEE}/{RSJ} {International} {Conference} on},
	publisher = {IEEE},
	author = {Talamadupula, Kartik and Briggs, Gordon and Chakraborti, Tathagata and Scheutz, Matthias and Kambhampati, Subbarao},
	year = {2014},
	pages = {2957--2962},
	file = {[PDF] à partir de asu.edu:/home/antoine/.zotero/zotero/ns6tl2ih.default/zotero/storage/MDPHF8N5/Talamadupula et al. - 2014 - Coordination in human-robot teams using mental mod.pdf:application/pdf;Snapshot:/home/antoine/.zotero/zotero/ns6tl2ih.default/zotero/storage/IAK7WXFF/login.html:text/html}
}

@inproceedings{geib_recognizing_2003,
	title = {Recognizing plan/goal abandonment},
	volume = {3},
	url = {http://www.aaai.org/Papers/Symposia/Fall/2002/FS-02-05/FS02-05-007.pdf},
	urldate = {2014-11-25},
	booktitle = {{IJCAI}},
	author = {Geib, Christopher W. and Goldman, Robert P.},
	year = {2003},
	pages = {1515--1517},
	file = {FS02-05-007.pdf:/home/antoine/.zotero/zotero/ns6tl2ih.default/zotero/storage/KNIZUMPF/FS02-05-007.pdf:application/pdf}
}

@misc{_planification_2014-1,
	title = {Planification (intelligence artificielle)},
	copyright = {Creative Commons Attribution-ShareAlike License},
	url = {https://fr.wikipedia.org/w/index.php?title=Planification_(intelligence_artificielle)&oldid=108607107},
	abstract = {La planification (Automated planning) est une discipline de l'intelligence artificielle qui vise le développement d'algorithmes pour produire des plans (en d'autre termes, une planification), typiquement pour l'exécution par un robot ou tout autre agent. Les logiciels de planification qui incorporent ces algorithmes se nomment planificateurs.},
	language = {fr},
	urldate = {2014-11-14},
	journal = {Wikipédia},
	month = nov,
	year = {2014},
	note = {Page Version ID: 108607107},
	file = {Snapshot:/home/antoine/.zotero/zotero/ns6tl2ih.default/zotero/storage/7IFQF699/index.html:text/html}
}

@inproceedings{baker_goal_2007,
	title = {Goal inference as inverse planning},
	url = {http://www.web.mit.edu/clbaker/www/papers/cogsci2007.pdf},
	urldate = {2014-12-19},
	booktitle = {Proceedings of the 29th annual meeting of the cognitive science society},
	author = {Baker, Chris L. and Tenenbaum, Joshua B. and Saxe, Rebecca R.},
	year = {2007},
	keywords = {Bayesian, planner, ToM},
	file = {cogsci2007.pdf:/home/antoine/.zotero/zotero/ns6tl2ih.default/zotero/storage/2R54WHWN/cogsci2007.pdf:application/pdf}
}

@misc{_action_2015,
	title = {Action selection},
	copyright = {Creative Commons Attribution-ShareAlike License},
	url = {https://en.wikipedia.org/w/index.php?title=Action_selection&oldid=645754413},
	abstract = {Action selection is a way of characterizing the most basic problem of intelligent systems: what to do next. In artificial intelligence and computational cognitive science, "the action selection problem" is typically associated with intelligent agents and animats—artificial systems that exhibit complex behaviour in an agent environment. The term is also sometimes used in ethology or animal behavior.
One problem for understanding action selection is determining the level of abstraction used for specifying an "act". At the most basic level of abstraction, an atomic act could be anything from contracting a muscle cell to provoking a war. Typically for any one action-selection mechanism, the set of possible actions is predefined and fixed.
Most researchers working in this field place high demands on their agents:
The acting agent typically must select its action in dynamic and unpredictable environments.
The agents typically act in real time; therefore they must make decisions in a timely fashion.
The agents are normally created to perform several different tasks. These tasks may conflict for resource allocation (e.g. can the agent put out a fire and deliver a cup of coffee at the same time?)
The environment the agents operate in may include humans, who may make things more difficult for the agent (either intentionally or by attempting to assist.)
The agents themselves are often intended to model animals or humans, and animal/human behaviour is quite complicated.
For these reasons action selection is not trivial and attracts a good deal of research.},
	language = {en},
	urldate = {2015-05-05},
	journal = {Wikipedia, the free encyclopedia},
	month = feb,
	year = {2015},
	note = {Page Version ID: 645754413},
	file = {Snapshot:/home/antoine/.zotero/zotero/ns6tl2ih.default/zotero/storage/RHRS7CRH/index.html:text/html}
}

@article{han_context-dependent_2013,
	title = {Context-dependent incremental decision making scrutinizing the intentions of others via {Bayesian} network model construction},
	volume = {7},
	number = {4},
	journal = {Intelligent Decision Technologies},
	author = {Han, The Anh and Pereira, Luís Moniz},
	year = {2013},
	keywords = {baynes net, context aware, intent recognition, multiple goals, Noise-OR, probabilities},
	pages = {293--317},
	file = {Han et Pereira - 2013 - Context-dependent incremental decision making scru.pdf:/home/antoine/.zotero/zotero/ns6tl2ih.default/zotero/storage/VVPPGZ7C/Han et Pereira - 2013 - Context-dependent incremental decision making scru.pdf:application/pdf;Han Pereira -2013-Context.pdf:/home/antoine/.zotero/zotero/ns6tl2ih.default/zotero/storage/SF7UCGX8/Han Pereira -2013-Context.pdf:application/pdf}
}

@inproceedings{lemaignan_oro_2010,
	title = {{ORO}, a knowledge management platform for cognitive architectures in robotics},
	url = {http://ieeexplore.ieee.org/xpls/abs_all.jsp?arnumber=5649547},
	urldate = {2014-12-08},
	booktitle = {Intelligent {Robots} and {Systems} ({IROS}), 2010 {IEEE}/{RSJ} {International} {Conference} on},
	publisher = {IEEE},
	author = {Lemaignan, Séverin and Ros, Raquel and Mosenlechner, L. and Alami, Rachid and Beetz, Michael},
	year = {2010},
	pages = {3548--3553},
	file = {[PDF] à partir de laas.fr:/home/antoine/.zotero/zotero/ns6tl2ih.default/zotero/storage/9WDEZN2W/Lemaignan et al. - 2010 - ORO, a knowledge management platform for cognitive.pdf:application/pdf;Snapshot:/home/antoine/.zotero/zotero/ns6tl2ih.default/zotero/storage/Q75XDE8S/login.html:text/html}
}

@article{dubois_theorie_1985,
	title = {Théorie des possibilités},
	url = {http://www.ree.see.asso.fr/IMG/2pdf001/1216b3e12f/pdf07/2006_0007_03.pdf},
	journal = {Applications i Représentation des Connaissances en Informatique. Collection Méthode+ Programmes, Masson, Paris. l MAGE EVALUATION TEST TARGET},
	author = {Dubois, Didier and Prade, Henri},
	year = {1985},
	file = {2006_0007_03.pdf:/home/antoine/.zotero/zotero/ns6tl2ih.default/zotero/storage/SEH9WQHC/2006_0007_03.pdf:application/pdf;Possibilité.pdf:/home/antoine/.zotero/zotero/ns6tl2ih.default/zotero/storage/HCZ377JU/Possibilité.pdf:application/pdf}
}

@misc{_loi_2014,
	title = {Loi de {Dirichlet}},
	copyright = {Creative Commons Attribution-ShareAlike License},
	url = {https://fr.wikipedia.org/w/index.php?title=Loi_de_Dirichlet&oldid=108403425},
	abstract = {En probabilité et statistiques, la loi de Dirichlet, souvent notée Dir(α), est une famille de lois de probabilité continues pour des variables aléatoires multinomiales. Cette loi (ou encore distribution) est paramétrée par le vecteur α de nombres réels positifs et tire son nom de Johann Peter Gustav Lejeune Dirichlet. Elle est vue comme la généralisation multinomiale de la loi bêta.},
	language = {fr},
	urldate = {2015-01-09},
	journal = {Wikipédia},
	month = dec,
	year = {2014},
	note = {Page Version ID: 108403425},
	file = {Snapshot:/home/antoine/.zotero/zotero/ns6tl2ih.default/zotero/storage/P7MKF2GP/index.html:text/html}
}

@incollection{nguyen_synthesizing_2013,
	title = {Synthesizing {Robust} {Plans} under {Incomplete} {Domain} {Models}},
	url = {http://papers.nips.cc/paper/5120-synthesizing-robust-plans-under-incomplete-domain-models.pdf},
	booktitle = {Advances in {Neural} {Information} {Processing} {Systems} 26},
	publisher = {Curran Associates, Inc.},
	author = {Nguyen, Tuan A and Kambhampati, Subbarao and Do, Minh},
	editor = {Burges, C. J. C. and Bottou, L. and Welling, M. and Ghahramani, Z. and Weinberger, K. Q.},
	year = {2013},
	pages = {2472--2480},
	file = {5120-synthesizing-robust-plans-under-incomplete-domain-models.pdf:/home/antoine/.zotero/zotero/ns6tl2ih.default/zotero/storage/XZ3DVUQQ/5120-synthesizing-robust-plans-under-incomplete-domain-models.pdf:application/pdf}
}

@inproceedings{kautz_generalized_1986,
	title = {Generalized {Plan} {Recognition}.},
	volume = {86},
	url = {http://www.aaai.org/Papers/AAAI/1986/AAAI86-006.pdf},
	urldate = {2014-11-25},
	booktitle = {{AAAI}},
	author = {Kautz, Henry A. and Allen, James F.},
	year = {1986},
	pages = {32--37},
	file = {AAAI86-006.pdf:/home/antoine/.zotero/zotero/ns6tl2ih.default/zotero/storage/KVXBZJS2/AAAI86-006.pdf:application/pdf}
}

@incollection{tavakkoli_vision-based_2007,
	title = {A vision-based architecture for intent recognition},
	url = {http://link.springer.com/chapter/10.1007/978-3-540-76856-2_17},
	urldate = {2015-04-02},
	booktitle = {Advances in {Visual} {Computing}},
	publisher = {Springer},
	author = {Tavakkoli, Alireza and Kelley, Richard and King, Christopher and Nicolescu, Mircea and Nicolescu, Monica and Bebis, George},
	year = {2007},
	pages = {173--182},
	file = {[PDF] à partir de unr.edu:/home/antoine/.zotero/zotero/ns6tl2ih.default/zotero/storage/5GJ5AD6H/Tavakkoli et al. - 2007 - A vision-based architecture for intent recognition.pdf:application/pdf;Snapshot:/home/antoine/.zotero/zotero/ns6tl2ih.default/zotero/storage/6W8SUMNN/978-3-540-76856-2_17.html:text/html}
}

@article{davidson_actions_1963,
	title = {Actions, reasons, and causes},
	journal = {The Journal of Philosophy},
	author = {Davidson, Donald},
	year = {1963},
	pages = {685--700}
}

@misc{_factorielle_2015,
	title = {Factorielle},
	copyright = {Creative Commons Attribution-ShareAlike License},
	url = {https://fr.wikipedia.org/w/index.php?title=Factorielle&oldid=108705800},
	abstract = {En mathématiques, la factorielle d'un entier naturel n est le produit des nombres entiers strictement positifs inférieurs ou égaux à n.},
	language = {fr},
	urldate = {2015-01-09},
	journal = {Wikipédia},
	month = jan,
	year = {2015},
	note = {Page Version ID: 108705800},
	file = {Snapshot:/home/antoine/.zotero/zotero/ns6tl2ih.default/zotero/storage/88H5XMI3/index.html:text/html}
}

@inproceedings{bouzouane_towards_2005,
	title = {Towards an authority sharing based on the description logic action model},
	url = {http://ieeexplore.ieee.org/xpls/abs_all.jsp?arnumber=1565552},
	urldate = {2014-11-25},
	booktitle = {Intelligent {Agent} {Technology}, {IEEE}/{WIC}/{ACM} {International} {Conference} on},
	publisher = {IEEE},
	author = {Bouzouane, Abdenour},
	year = {2005},
	pages = {277--280},
	file = {IEEE Xplore Abstract - Towards an authority sharing based on the description logic action model:/home/antoine/.zotero/zotero/ns6tl2ih.default/zotero/storage/C35R2ZQJ/login.html:text/html}
}

@inproceedings{fernandes_ontology_2008,
	title = {Ontology {Development} in {Home} {Automation} {Used} in {Automatic} {VE} {Formation}},
	booktitle = {Innovation in {Manufacturing} {Networks}},
	publisher = {Springer},
	author = {Fernandes, Orlando Ribas and Rocha, Ana Paula and Oliveira, Eugénio},
	year = {2008},
	keywords = {domotic, ontology, Virtual entreprise},
	pages = {161--168},
	file = {G-ONTOLOGY_DEVELOPMENT_IN_HOME_AUTOMATION_USED_IN_AUTOMATIC_VE_FORMATION_2008.pdf:/home/antoine/.zotero/zotero/ns6tl2ih.default/zotero/storage/49BWFTE6/G-ONTOLOGY_DEVELOPMENT_IN_HOME_AUTOMATION_USED_IN_AUTOMATIC_VE_FORMATION_2008.pdf:application/pdf}
}

@inproceedings{haigh_agents_2002,
	title = {Agents for recognizing and responding to the behaviour of an elder},
	url = {http://www.aaai.org/Papers/Workshops/2002/WS-02-02/WS02-02-006.pdf},
	booktitle = {{AAAI} 2002 {Workshop} on {Automation} as {Caregiver}: {The} {Role} of {Intelligent} {Technology} in {Elder} {Care}},
	author = {Haigh, Karen Zita and Geib, Christopher W and Miller, Christopher A and Phelps, J and Wagner, T},
	year = {2002},
	keywords = {decision-making, domotics, intent recognition, multi agents},
	pages = {31--38},
	file = {Agents for elder.pdf:/home/antoine/.zotero/zotero/ns6tl2ih.default/zotero/storage/WEG8K692/Agents for elder.pdf:application/pdf;haigh Geib -2002-Agents for recognizing and responding to the behaviour of an elder .pdf:/home/antoine/.zotero/zotero/ns6tl2ih.default/zotero/storage/EJIQQZJM/haigh Geib -2002-Agents for recognizing and responding to the behaviour of an elder .pdf:application/pdf}
}

@article{manganello_pks:_2013,
	title = {{PKS}: {An} {Ontology}-based {Learning} {Construct} for {Lifelong} {Learners}.},
	volume = {16},
	number = {1},
	journal = {Educational Technology \& Society},
	author = {Manganello, Flavio and Falsetti, Carla and Spalazzi, Luca and Leo, Tommaso},
	year = {2013},
	pages = {104--117}
}

@article{abburu_survey_2012,
	title = {A {Survey} on {Ontology} {Reasoners} and {Comparison}},
	volume = {57},
	url = {http://citeseerx.ist.psu.edu/viewdoc/download?doi=10.1.1.252.5532&rep=rep1&type=pdf},
	number = {17},
	urldate = {2015-05-13},
	journal = {International Journal of Computer Applications},
	author = {Abburu, Sunitha},
	year = {2012},
	pages = {33--39}
}

@inproceedings{taha_pomdp_2011,
	title = {A {POMDP} framework for modelling human interaction with assistive robots},
	url = {http://ieeexplore.ieee.org/xpls/abs_all.jsp?arnumber=5980323},
	urldate = {2014-12-02},
	booktitle = {Robotics and {Automation} ({ICRA}), 2011 {IEEE} {International} {Conference} on},
	publisher = {IEEE},
	author = {Taha, Tarek and Miró, Jaime Valls and Dissanayake, Gamini},
	year = {2011},
	pages = {544--549},
	file = {IEEE Xplore Abstract - A POMDP framework for modelling human interaction with assistive robots:/home/antoine/.zotero/zotero/ns6tl2ih.default/zotero/storage/GJ3F55AQ/login.html:text/html}
}

@article{bonino_domains:_2012,
	title = {{DoMAIns}: {Domain}-based modeling for {Ambient} {Intelligence}},
	volume = {8},
	number = {4},
	journal = {Pervasive and Mobile Computing},
	author = {Bonino, Dario and Corno, Fulvio},
	year = {2012},
	pages = {614--628}
}

@article{sharkey_ethical_2008,
	title = {The ethical frontiers of robotics},
	volume = {322},
	url = {http://www.intelligentzia.ch/blog/wp-content/uploads/The_Ethical_Frontiers_of_Robotics.pdf},
	number = {5909},
	journal = {Science},
	author = {Sharkey, Noel},
	year = {2008},
	pages = {1800--1801},
	file = {The_Ethical_Frontiers_of_Robotics.pdf:/home/antoine/.zotero/zotero/ns6tl2ih.default/zotero/storage/TVJZTSBV/The_Ethical_Frontiers_of_Robotics.pdf:application/pdf}
}

@inproceedings{avrahami-zilberbrand_incorporating_2007,
	title = {Incorporating observer biases in keyhole plan recognition (efficiently!)},
	volume = {7},
	url = {http://www.aaai.org/Papers/AAAI/2007/AAAI07-150.pdf},
	booktitle = {{AAAI}},
	author = {Avrahami-Zilberbrand, Dorit and Kaminka, Gal A},
	year = {2007},
	pages = {944--949},
	file = {AAAI07-150.pdf:/home/antoine/.zotero/zotero/ns6tl2ih.default/zotero/storage/VXPRAPQB/AAAI07-150.pdf:application/pdf}
}

@inproceedings{yang_activity_2009,
	title = {Activity {Recognition}: {Linking} {Low}-level {Sensors} to {High}-level {Intelligence}.},
	volume = {9},
	shorttitle = {Activity {Recognition}},
	url = {http://www.aaai.org/ocs/index.php/IJCAI/IJCAI-09/paper/download/509/581},
	urldate = {2014-12-19},
	booktitle = {{IJCAI}},
	author = {Yang, Qiang},
	year = {2009},
	pages = {20--25},
	file = {581.pdf:/home/antoine/.zotero/zotero/ns6tl2ih.default/zotero/storage/SAG3HQ9S/581.pdf:application/pdf}
}

@misc{_heuristic_2015-1,
	title = {Heuristic function},
	copyright = {Creative Commons Attribution-ShareAlike License},
	url = {https://en.wikipedia.org/w/index.php?title=Heuristic_function&oldid=632862267},
	abstract = {A heuristic function, or simply a heuristic, is a function that ranks alternatives in search algorithms at each branching step based on available information to decide which branch to follow.},
	language = {en},
	urldate = {2015-01-27},
	journal = {Wikipedia, the free encyclopedia},
	month = jan,
	year = {2015},
	note = {Page Version ID: 632862267},
	file = {Snapshot:/home/antoine/.zotero/zotero/ns6tl2ih.default/zotero/storage/EPTJB3V5/index.html:text/html}
}

@misc{_projecting_????,
	title = {Projecting a robot’s intentions},
	url = {http://newsoffice.mit.edu/2014/system-shows-robot-intentions-1029},
	abstract = {A new spin on virtual reality helps engineers read robots’ minds.},
	urldate = {2014-12-01},
	journal = {MIT News},
	file = {Snapshot:/home/antoine/.zotero/zotero/ns6tl2ih.default/zotero/storage/4XAIPHXP/system-shows-robot-intentions-1029.html:text/html}
}

@article{yang_learning_2007,
	title = {Learning action models from plan examples using weighted {MAX}-{SAT}},
	volume = {171},
	url = {http://ac.els-cdn.com/S0004370206001408/1-s2.0-S0004370206001408-main.pdf?_tid=2a24a350-52da-11e4-bceb-00000aab0f6c&acdnat=1413205949_fcb0779c3d2acf9b44a651fcb1a3cc47},
	number = {2},
	journal = {Artificial Intelligence},
	author = {Yang, Qiang and Wu, Kangheng and Jiang, Yunfei},
	year = {2007},
	keywords = {intent recognition, learning, max-sat, planner},
	pages = {107--143},
	file = {1-s2.0-S0004370206001408-main.pdf:/home/antoine/.zotero/zotero/ns6tl2ih.default/zotero/storage/TCIEHKSC/1-s2.0-S0004370206001408-main.pdf:application/pdf}
}

@article{fowler_electrocardiographic_1976,
	title = {Electrocardiographic changes and cardiac arrhythmias in patients receiving psychotropic drugs},
	volume = {37},
	issn = {0002-9149},
	abstract = {Eight patients had cardiac manifestations that were life-threatening in five while taking psychotropic drugs, either phenothiazines or tricyclic antidepressants. Although most patients were receiving several drugs, Mellaril (thioridazine) appeared to be responsible for five cases of ventricular tachycardia, one of which was fatal in a 35 year old woman. Supraventricular tachycardia developed in one patient receiving Thorazine (chlorpromazine). Aventyl (nortriptyline) and Elavil (amitriptyline) each produced left bundle branch block in a 73 year old woman. Electrocardiographic T and U wave abnormalities were present in most patients. The ventricular arrhythmias responded to intravenous administration of lidocaine and to direct current electric shock; ventricular pacing was required in some instances and intravenous administration of propranolol combined with ventricular pacing in one. The tachyarrhythmias generally subsided within 48 hours after administration of the drugs was stopped. Five of the eight patients were 50 years of age or younger; only one clearly had antecedent heart disease. Major cardiac arrhythmias are a potential hazard in patients without heart disease who are receiving customary therapeutic doses of psychotropic drugs. A prospective clinical trial is suggested to quantify the risk of cardiac complications to patients receiving phenothiazines or tricyclic antidepressant drugs.},
	language = {eng},
	number = {2},
	journal = {The American Journal of Cardiology},
	author = {Fowler, N. O. and McCall, D. and Chou, T. C. and Holmes, J. C. and Hanenson, I. B.},
	month = feb,
	year = {1976},
	pmid = {2004},
	keywords = {Adrenergic Agonists, Adult, Aged, Antidepressive Agents, Tricyclic, Arrhythmias, Cardiac, Cardiovascular System, Chlorpromazine, Digitalis Glycosides, Diuretics, Electrocardiography, Female, Heart Failure, Humans, Hypotension, Lidocaine, Male, Mesoridazine, Middle Aged, Phenothiazines, Psychotropic Drugs, Thioridazine},
	pages = {223--230}
}

@phdthesis{kautz_formal_1987,
	title = {A formal theory of plan recognition},
	url = {https://urresearch.rochester.edu/fileDownloadForInstitutionalItem.action?itemId=5934&itemFileId=9297},
	urldate = {2015-01-29},
	school = {Bell Laboratories},
	author = {Kautz, Henry A.},
	year = {1987},
	file = {[PDF] à partir de rochester.edu:/home/antoine/.zotero/zotero/ns6tl2ih.default/zotero/storage/4WHT7PDS/Kautz - 1987 - A formal theory of plan recognition.pdf:application/pdf}
}

@inproceedings{myers_cognitive_2005,
	title = {A cognitive framework for delegation to an assistive user agent},
	url = {https://www.aaai.org/Papers/Symposia/Fall/2005/FS-05-07/FS05-07-018.pdf},
	booktitle = {Proc. of {AAAI} 2005 {Fall} {Symposium} on {Mixed}-{Initiative} {Problem}-{Solving} {Assistants}},
	author = {Myers, Karen L and Yorke-Smith, Neil},
	year = {2005},
	keywords = {BDI, human-robot communication},
	pages = {94--99},
	file = {Cognitive Framework for assistive.pdf:/home/antoine/.zotero/zotero/ns6tl2ih.default/zotero/storage/DVIBUUMI/Cognitive Framework for assistive.pdf:application/pdf}
}

@inproceedings{ha_goal_2011,
	title = {Goal {Recognition} with {Markov} {Logic} {Networks} for {Player}-{Adaptive} {Games}.},
	url = {http://www.aaai.org/ocs/index.php/AIIDE/AIIDE11/paper/viewPDFInterstitial/4077/4409},
	urldate = {2014-11-25},
	booktitle = {{AIIDE}},
	author = {Ha, Eunyoung and Rowe, Jonathan P. and Mott, Bradford W. and Lester, James C.},
	year = {2011},
	file = {Portable Document Format (PDF):/home/antoine/.zotero/zotero/ns6tl2ih.default/zotero/storage/HESKTUP6/4409.html:text/html}
}