/home/antoine/.zotero/zotero.bib